1758 3246
318 299 373 329 DE
411 297 707 329 DIVINATIONE
744 296 996 337 DAEMoNUM‚
1034 296 1121 328 118.
1163 297 1192 328 Ι.
1363 279 1452 344 591

91 363 221 412 versis
245 364 438 410 moribus
473 363 794 410 contradicunt.
837 364 890 407 In
918 363 1083 408 caeteris
1103 373 1245 408 autem
1271 361 1463 426 praedic-

95 434 288 480 tionibus
313 434 398 479 suis
422 432 640 477 daemones
659 432 916 495 plerumque
933 442 974 476 et
995 431 1206 478 falluntur
1226 442 1267 477 et
1282 431 1453 479 fallunt.

93 504 324 549 Falluntur
341 502 518 566 quidem
536 539 546 558 ,
572 503 674 565 quia
700 520 799 548 cum
824 518 920 547 suas
939 501 1238 564 dispositiones
1258 518 1461 564 praenun-

92 575 202 620 tiant
219 611 230 630 ‚
251 591 298 619 ex
318 573 555 636 improviso
580 573 766 636 desuper
783 572 947 635 aliquid
961 572 1159 631 jubetur,
1175 573 1293 635 quod
1312 589 1461 618 eorum

94 644 272 691 consilia
293 655 452 690 cuncta
472 644 717 707 perturbet.
741 643 870 689 Velut
885 643 918 689 si
933 642 1096 705 aliquid
1118 642 1351 705 disponant
1369 643 1464 705 qui-

93 715 201 761 libet
220 714 417 760 homines
432 714 701 777 quibuslibet
722 713 1010 778 potestatibus
1031 712 1195 758 subditi
1213 749 1223 768 ‚
1248 711 1365 775 quod
1380 729 1466 760 non

97 785 405 849 prohibituros
426 801 523 829 suos
546 785 803 848 praepositos
823 784 1104 839 arbitrentur,
1129 782 1260 847 idque
1279 781 1468 828 facturos

96 872 138 901 se
161 872 246 900 esse
269 855 554 918 promittant3
582 855 726 910 atilli,
753 872 880 918 penes
904 871 1012 917 quos
1031 858 1170 913 major
1187 863 1375 916 potestas
1387 863 1465 909 est,

98 942 146 971 ex
179 924 262 970 alio
291 925 507 988 superiore
541 925 720 970 consilio
749 925 835 971 hoc
874 935 1013 970 totum
1050 924 1308 987 dispositum
1343 934 1470 987 atque

101 1006 398 1060 praeparatum
430 1007 604 1059 repente
630 997 908 1059 prohibeant.
951 996 1179 1041 Falluntur
1209 996 1338 1040 etiam
1369 1010 1471 1040 cum

100 1066 241 1113 causis
261 1065 534 1111 naturalibus
558 1066 699 1130 aliqua
716 1104 726 1122 ,
751 1067 863 1112 sicut
886 1066 1073 1122 medici,
1103 1076 1176 1111 aut
1194 1075 1337 1111 nautae
1354 1101 1364 1120 ‚
1399 1075 1473 1110 aut

101 1136 319 1197 agricolae‚
335 1136 409 1182 sed
427 1136 556 1199 longe
574 1139 742 1183 acutius
758 1136 968 1200 longeque
981 1136 1256 1200 praestantius
1274 1152 1354 1198 pro
1369 1134 1477 1180 aerii

105 1207 301 1270 corporis
314 1224 438 1252 sensu
457 1207 676 1252 solertiore
688 1218 728 1252 et
742 1207 1032 1253 exercitatiore
1049 1215 1355 1269 praenoscunt:
1372 1204 1476 1267 quia

107 1288 149 1323 et
172 1277 270 1323 liaec
297 1277 352 1321 ab
381 1277 552 1336 Angelis
576 1277 666 1321 Deo
689 1294 856 1323 summo
882 1277 951 1340 pic
971 1276 1255 1321 servientibus
1276 1275 1359 1320 alia
1385 1274 1478 1319 dis-

105 1346 318 1410 positione
338 1345 485 1404 ignota
505 1345 779 1391 daemonibus
796 1363 844 1390 ex
865 1345 1101 1408 improviso
1120 1362 1169 1390 ac
1188 1355 1363 1407 repente
1382 1360 1481 1390 mu-

109 1427 270 1463 tantur.
301 1417 528 1478 Tanquam
551 1416 584 1461 si
609 1433 723 1475 aegro
744 1416 909 1479 aliquid
925 1416 1184 1462 extrinsecus
1204 1414 1375 1461 accidat
1393 1430 1481 1478 quo

109 1487 321 1534 moriatur
338 1522 348 1541 ‚
372 1502 500 1548 quem
530 1486 724 1531 medicus
742 1487 850 1532 veris
870 1486 1016 1531 salutis
1032 1484 1380 1549 praecedentibus
1394 1486 1483 1544 sig-

111 1558 176 1604 nis
195 1558 417 1604 victurum
436 1574 522 1602 esse
542 1559 798 1620 promiserat
816 1575 826 1602 ε
847 1567 921 1603 aut
947 1557 982 1602 si
1006 1556 1117 1602 aeris
1135 1554 1342 1619 qualitate
1361 1572 1485 1619 prae-

111 1629 199 1675 visa
214 1665 225 1684 ,
248 1627 325 1673 diu
349 1626 555 1673 flaturum
584 1627 710 1673 illum
734 1638 913 1673 ventum
932 1637 1163 1673 nautarum
1185 1625 1338 1688 aliquis
1363 1642 1485 1689 prae-

120 1697 290 1744 dixisset
311 1735 321 1754 ,
349 1697 421 1743 cui
445 1697 655 1743 Dominus
677 1698 878 1743 Christus
896 1715 996 1743 cum
1023 1695 1257 1760 Discipulis
1278 1697 1484 1756 navigans

117 1779 164 1814 ut
187 1768 423 1830 quiesceret
443 1767 721 1831 imperat-iffi,
739 1767 902 1813 etfacta
921 1778 981 1813 est
997 1766 1282 1830 tranquillitas
1302 1784 1482 1828 magna:

115 1839 184 1887 vel
207 1839 240 1884 si
264 1836 451 1898 agricola
488 1838 563 1883 illo
596 1855 708 1884 anno
734 1838 1093 1884 fructificaturam
1127 1839 1260 1884 vitem
1298 1838 1488 1902 aliquam

117 1908 394 1974 polliceatur,
420 1918 622 1954 naturam
645 1909 792 1973 utique
816 1919 941 1954 terrae
973 1920 1016 1954 et
1049 1925 1251 1954 numeros
1277 1910 1488 1955 seminum

120 1978 277 2025 callens
293 2016 305 2037 ,
332 1995 420 2042 quo
444 1989 587 2024 tamen
614 1997 725 2025 anno
746 1997 839 2025 eam
865 1979 931 2026 vel
951 1980 1185 2043 improvisa
1208 1980 1310 2026 coeli
1331 1981 1490 2026 intem-⁴²

119 2050 258 2113 peries
296 2048 521 2106 arefaciat,
549 2050 617 2096 vel
647 2050 787 2114 aliqua
807 2052 941 2110 jussio
973 2050 1230 2114 potentioris
1269 2051 1487 2098 eradicet:

121 2122 183 2166 ita
205 2120 344 2166 multa
378 2120 506 2165 etiam
539 2120 593 2165 ad
617 2121 932 2184 praescientiam
966 2121 1386 2185 praedictionemque
1408 2122 1496 2167 dae—

122 2208 299 2236 monum
329 2190 589 2254 pertinentia
607 2228 618 2248 ,
642 2207 741 2254 quae
765 2191 1006 2237 minoribus
1020 2202 1062 2237 et
1080 2191 1378 2237 usitatioribus
1395 2209 1496 2237 cau—

124 2261 178 2306 sis
197 2260 345 2306 futura
362 2261 680 2324 praevidentur,
700 2261 848 2308 eadem
869 2262 1108 2322 majoribus
1128 2272 1170 2307 et
1183 2262 1496 2308 occultioribus

125 2332 263 2377 causis
286 2331 495 2396 impedita
520 2343 757 2380 mutantur.
803 2332 976 2379 Fallunt
1013 2343 1154 2378 autem
1190 2334 1318 2378 etiam
1353 2333 1497 2379 studio

126 2401 302 2448 fallendi
322 2404 370 2447 vet
395 2402 541 2449 invida
557 2403 798 2460 voluntate,
824 2420 913 2466 qua
934 2404 1164 2449 hominum
1185 2420 1325 2448 errore
1343 2402 1500 2449 laetan-

129 2481 214 2518 tur.
246 2471 331 2517 Sed
348 2489 400 2517 ne
429 2472 547 2536 apud
572 2473 758 2520 cultores
780 2490 877 2520 suos
891 2473 1066 2537 pondus
1086 2473 1354 2520 auctoritatis
1370 2474 1502 2520 amit-

183 2576 327 2611 ¹Matth,
349 2588 422 2614 vm,
444 2579 498 2610 20.
