1758 3246
295 272 387 327 [265
697 285 731 314 s.
773 283 1015 313 Aususrim
1053 283 1076 311 E
1086 281 1253 311 Plscom

291 351 414 411 eique
441 348 615 410 penitus
635 348 848 393 inhaerere
870 365 957 393 non
990 346 1140 391 licebit
1161 381 1173 402 ,
1206 345 1288 390 nisi
1318 355 1419 389 cum
1441 344 1663 406 corrupti-

292 420 380 463 bile
409 418 495 462 hoc
521 417 707 462 induerit
724 418 1114 479 incorruptionem,
1141 426 1182 460 et
1202 414 1381 459 mortale
1396 414 1483 458 hoc
1504 413 1663 458 indue-

292 487 349 531 rit
366 486 732 531 immortalitatem
747 485 779 532 1.
824 486 906 530 Sed
927 485 1031 547 quia
1054 484 1193 529 omnis
1209 484 1253 528 in
1278 484 1362 528 hac
1381 482 1470 527 vita
1490 482 1627 544 pietas
1650 517 1661 537 ‚

292 555 536 600 exercitatio
574 565 636 599 est
653 592 663 609 ‚
691 571 776 616 qua
798 555 843 598 in
869 554 986 599 illam
1012 553 1228 607 tenditur,
1266 552 1339 596 cui
1376 551 1667 596 exercitationi

293 624 504 669 ducatum
540 624 709 685 praebet
745 623 826 668 ista
855 623 1052 668 doctrina
1069 659 1080 676 ‚
1106 638 1206 683 quae
1229 620 1430 665 humanis
1450 620 1592 665 verbis
1628 630 1669 664 et

293 709 602 755 corporeorum
619 703 985 738 sacramentorum
1001 690 1230 750 signaculis
1249 690 1388 752 ipsam
1407 689 1596 734 insinuat
1611 699 1671 734 at-

293 779 376 825 que
403 762 574 806 intimat
592 761 814 806 veritatem
844 780 854 806 :
883 772 1113 824 propterea
1133 771 1174 804 et
1191 760 1289 804 haec
1313 774 1413 821 quae
1444 775 1522 821 per
1546 774 1672 803 men-

291 831 466 876 dacium
499 830 724 891 corrumpi
760 841 929 892 potest,
958 831 1139 875 maxime
1171 830 1427 889 incorrupta
1464 825 1673 872 servanda

291 909 379 951 est;
402 909 448 942 ut
471 900 505 942 si
530 899 637 960 quid
661 899 706 942 in
727 898 799 942 illa
823 900 1015 944 castitate
1036 897 1167 944 animi
1185 896 1317 941 fuerit
1335 895 1543 940 violatum
1563 930 1574 949 ‚
1595 894 1674 939 ha-

292 968 394 1011 beat
417 966 529 1011 unde
550 977 787 1028 reparetur.
812 972 1029 1029 Corrupta
1054 967 1168 1011 enim
1189 965 1444 1010 auctoritate
1461 963 1675 1008 doetrinae

293 1035 436 1081 nullus
462 1046 536 1080 aut
571 1051 721 1079 cursus
744 1047 817 1080 aut
840 1053 1036 1081 recursus
1069 1052 1154 1080 esse
1187 1035 1240 1080 ad
1279 1034 1518 1079 castitatem
1544 1031 1676 1077 animi

294 1115 453 1168 potest.

360 1175 477 1219 XLI.
521 1174 768 1218 Conficitur
790 1192 889 1233 ergo
920 1192 967 1219 ex
994 1176 1060 1220 his
1080 1174 1284 1219 omnibus
1315 1173 1414 1217 haec
1443 1170 1672 1225 sententia,

298 1254 347 1290 ut
363 1242 639 1288 mendacium
657 1242 778 1304 quod
798 1260 885 1288 non
904 1245 1037 1289 violat
1057 1243 1304 1289 doctrinam
1322 1240 1515 1304 pietatis,
1538 1255 1678 1301 neque

294 1313 433 1376 ipsam
459 1312 688 1374 pietatem,
717 1328 854 1374 neque
888 1313 1209 1365 innocentiam,
1244 1327 1382 1373 neque
1413 1307 1678 1354 benevolen—

295 1383 417 1436 tiam,
449 1398 530 1444 pro
559 1380 772 1443 pudicitia
791 1383 986 1443 corporis
1009 1379 1329 1427 admittendum
1353 1379 1420 1423 sit.
1453 1379 1508 1421 Et
1532 1386 1678 1421 tamen

297 1453 329 1497 si
353 1452 583 1514 quisquam
603 1461 866 1512 proponeret
887 1452 968 1495 sibi
989 1453 1049 1496 sic
1070 1449 1300 1496 amandam
1322 1448 1564 1501 veritatem,
1591 1461 1677 1490 non

295 1532 465 1567 tantum
485 1535 585 1581 quae
600 1520 643 1563 in
659 1520 996 1582 contemplando
1015 1531 1094 1575 est,
1116 1519 1188 1564 sed
1207 1519 1335 1564 etiam
1356 1517 1400 1562 in
1419 1532 1520 1562 vero
1539 1530 1676 1560 enun-

301 1589 450 1634 tiando
474 1587 594 1647 quod
619 1588 665 1632 in
691 1605 767 1632 suo
796 1605 969 1651 quoque
1003 1606 1144 1634 rerum
1176 1604 1324 1647 genere
1344 1602 1494 1631 verum
1518 1594 1612 1636 est;
1637 1593 1680 1628 et

300 1676 388 1705 non
413 1658 535 1704 aliter
559 1656 865 1720 proferendam
879 1676 950 1704 ore
968 1660 1163 1721 corporis
1183 1656 1455 1710 sententiam,
1477 1670 1608 1716 quam
1632 1652 1679 1698 in

300 1730 447 1776 animo
473 1737 685 1790 concepta
710 1738 838 1790 atque
862 1739 1090 1791 conspecta
1117 1738 1205 1780 est3
1241 1736 1287 1770 ut
1313 1724 1416 1770 fidei
1443 1722 1679 1769 veridicam

299 1797 679 1864 pulchritudinem
705 1814 792 1842 non
811 1797 948 1842 solum
977 1815 1079 1843 auro
1103 1808 1144 1842 et
1167 1806 1341 1855 argento
1368 1805 1410 1838 et
1438 1791 1616 1853 gemmis
1637 1801 1680 1836 et

300 1869 485 1915 amoenis
511 1866 707 1930 praediis,
735 1866 807 1910 sed
825 1877 866 1910 et
883 1868 967 1929 ipsi
988 1868 1197 1912 uuiversae
1219 1862 1445 1927 temporali
1461 1862 1562 1907 vitae
1580 1877 1679 1906 om-

304 1940 434 2001 nique
454 1936 649 1999 corporis
661 1936 779 1980 bono
802 1947 1094 1999 praeponeret‚
1128 1935 1269 1980 nescio
1297 1943 1443 1978 utrum
1467 1931 1680 1993 sapienter

307 2025 331 2053 a
348 2023 572 2070 quoquam
598 2022 740 2050 errare
760 2005 989 2052 diceretur.
1018 2006 1123 2050 Etsi
1143 2005 1227 2049 hoc
1252 2003 1337 2048 suis
1354 2001 1555 2047 omnibus
1580 2000 1680 2045 tali-

309 2078 394 2124 bus
433 2077 563 2122 rebus
597 2086 712 2121 recte
754 2075 1007 2132 anteferret,
1046 2076 1269 2139 plurisque
1303 2072 1537 2136 penderet3
1569 2080 1682 2115 recte

309 2150 440 2194 etiam
464 2145 776 2209 temporalibus
795 2148 923 2192 rebus
947 2147 1129 2192 aliorum
1152 2144 1400 2197 hominum,
1426 2158 1534 2204 quos
1551 2140 1682 2185 inno-

309 2221 451 2266 centia
476 2216 861 2279 benevolentiaque
880 2234 953 2263 sua
981 2234 1146 2262 servare
1172 2226 1298 2279 atque
1321 2213 1525 2272 adjuvare
1546 2210 1682 2256 debe-

309 2302 388 2338 ret.
425 2294 600 2335 Amaret
618 2288 731 2332 enim
756 2288 990 2349 perfectam
1012 2287 1160 2343 fidem,
1190 2303 1275 2330 non
1299 2283 1438 2329 solum
1463 2283 1571 2327 bene
1587 2297 1684 2326 cre-

310 2361 442 2407 dendi
483 2376 531 2404 ea
564 2375 664 2422 quae
697 2357 782 2402 sibi
811 2358 1029 2403 excellenti
1063 2368 1104 2402 et
1139 2356 1224 2401 fide
1260 2355 1389 2413 digna
1431 2351 1685 2397 auctoritate

308 2431 557 2478 dicerentur
574 2466 584 2484 ‚
612 2427 685 2473 sed
708 2428 837 2473 etiam
866 2427 1048 2472 fideliter
1078 2424 1330 2470 enuntiandi
1357 2438 1456 2485 quae
1488 2421 1580 2483 ipse
1611 2419 1685 2465 di-

306 2499 445 2549 cenda
469 2498 706 2559 judicaret,
737 2514 786 2543 ac
818 2496 993 2543 diceret.
1026 2495 1151 2542 Fides
1174 2494 1287 2540 enim
1312 2489 1527 2556 appellata
1555 2499 1617 2535 est
1639 2489 1686 2537 in

351 2583 361 2606 ¹
387 2593 398 2616 t
421 2582 497 2618 cor.
517 2592 569 2620 xv,
590 2583 645 2616 53.
