1758 3246
320 297 412 354 444
719 312 753 342 s,
797 310 1038 342 Aucus‘riM
1075 307 1290 338 EPISCOPI.

379 374 544 421 XVIII.
587 374 682 421 Hoc
701 376 902 439 primitus
925 384 966 418 et
993 371 1233 417 firmissime
1252 372 1506 428 constituto,
1528 372 1581 420 de
1604 391 1687 421 cae-

316 445 416 491 teris
433 444 666 490 mendaciis
681 447 869 491 securius
886 443 1112 506 quaeritur.
1135 441 1219 486 Sed
1234 453 1543 505 consequenter
1559 444 1687 489 etiam

314 515 553 561 videndum
595 526 655 560 est
701 513 961 560 removenda
994 527 1079 556 esse
1121 511 1250 555 etiam
1284 512 1428 556 onmia
1465 513 1689 559 mendacia

313 602 413 648 quae
442 585 629 648 aliquem
660 584 829 629 lfedunt
865 585 1048 642 injustee
1081 581 1183 642 quia
1207 581 1315 625 nulli
1339 592 1401 626 est
1438 582 1597 641 inJ'uria
1621 583 1690 628 vel
1756 639 1758 653 A

313 654 448 700 levior
471 653 720 709 inferenda,
749 664 797 698 ut
826 653 881 698 ab
913 651 996 696 alio
1027 649 1195 709 gravior
1222 650 1470 712 repellatur⁸
1502 652 1591 697 Nec
1616 651 1691 697 illa
1757 706 1758 710 Ἰ

315 735 415 770 sunt
433 724 700 769 admittenda
714 723 937 769 mendacia
953 737 1052 783 quae
1061 718 1260 782 quamvis
1277 736 1366 765 non
1385 721 1530 766 obsint
1544 721 1683 777 alteri,

316 795 426 840 nulli
444 805 472 838 t
463 811 586 839 tmen
609 804 793 871 prosunt
822 803 863 838 et
886 792 964 836 obs
968 801 1048 835 unt
1088 790 1147 834 eis
1182 790 1285 852 ipsis
1311 791 1387 853 qui
1410 792 1540 850 gratis
1563 809 1690 837 men-

316 865 497 910 tiuntur.
544 864 634 926 Ipsi
661 864 773 908 enim
795 881 824 925 1
830 861 972 924 roprie
996 859 1221 904 mendaces
1241 859 1415 905 dicendi
1438 871 1550 907 sunt.
1571 862 1690 906 Inte—

314 943 399 979 lest
417 933 530 977 enim
554 933 664 977 inter
680 933 957 977 mentientem
981 941 1109 992 atque
1135 929 1402 976 mendacem.
1429 931 1540 975 Nam
1564 949 1691 976 men-

316 1002 423 1047 tiens
443 1013 504 1046 (st
528 1002 657 1046 etiam
685 1002 761 1064 qui
790 1001 997 1046 mentitur
1022 999 1205 1044 invitus:
1233 998 1414 1044 mendax
1446 1017 1549 1045 vero
1581 1011 1695 1046 amat

314 1071 504 1127 mentiri,
533 1082 659 1134 atque
687 1071 860 1116 habitat
888 1071 1031 1115 animo
1056 1070 1101 1113 in
1126 1068 1409 1114 delectatione
1429 1070 1687 1117 mentiendi.

316 1141 445 1186 Juxta
470 1140 663 1203 ponendi
703 1151 801 1185 sunt
839 1151 880 1184 et
907 1139 981 1201 qui
1017 1138 1069 1183 de
1096 1137 1328 1183 mendacio
1351 1138 1503 1184 volunt
1525 1140 1696 1202 placere

314 1211 568 1256 hominibus
587 1248 597 1266 ‚
624 1227 713 1255 non
736 1221 785 1255 ut
806 1210 934 1254 alicui
955 1209 1119 1253 faciant
1164 1209 1371 1267 injuriam
1409 1209 1476 1254 vel
1512 1209 1697 1254 inferant

317 1280 642 1334 contumeliam,
661 1283 752 1338 jam
778 1279 892 1323 enim
913 1294 1043 1340 supra
1066 1278 1153 1321 hoc
1166 1293 1298 1335 genus
1315 1278 1576 1323 removimus
1593 1299 1603 1331 ;
1623 1279 1694 1324 sed

316 1361 520 1395 utsuaves
534 1350 676 1394 sintin
690 1348 960 1393 sermonibus
984 1347 1082 1393 suis.
1111 1347 1186 1391 Isti
1210 1348 1264 1391 ab
1287 1347 1360 1391 illo
1381 1364 1529 1406 genere
1545 1349 1588 1393 in
1607 1365 1694 1411 quo

316 1419 544 1464 mendaces
562 1420 809 1480 posuimus,
834 1418 918 1462 hoc
960 1416 1166 1461 differunt
1185 1453 1195 1471 ,
1240 1416 1362 1478 quod
1391 1416 1489 1462 illos
1524 1418 1696 1463 mentiri

316 1489 528 1534 delectat.
557 1488 788 1546 gaudentes
825 1486 878 1531 de
905 1487 998 1548 ipsa
1023 1485 1218 1536 fallacia;
1244 1486 1333 1531 istis
1359 1497 1501 1531 autem
1520 1487 1690 1550 placere

314 1558 423 1603 libet
444 1557 497 1602 de
513 1557 781 1619 suaviloquio
797 1593 807 1611 ‚
836 1555 910 1618 qui
925 1566 1067 1600 tamen
1093 1555 1203 1600 veris
1221 1554 1380 1600 malent
1405 1556 1574 1619 placere
1590 1576 1602 1610 ς
1621 1557 1694 1602 sed

318 1627 494 1690 quando
508 1644 595 1672 non
616 1626 741 1672 facile
765 1626 992 1671 inveniunt
1006 1643 1104 1671 vera
1122 1642 1221 1688 quae
1235 1636 1354 1684 grata
1369 1626 1454 1671 sint
1477 1625 1694 1672 audienti-

318 1699 426 1754 bus,
466 1697 638 1742 mentiri
675 1697 841 1756 eligunt
872 1696 1042 1758 potius,
1082 1713 1214 1758 quam
1235 1706 1388 1742 tacere.
1425 1695 1608 1741 Difficile
1633 1707 1695 1742 est

317 1779 462 1813 tamen
483 1778 531 1813 ut
557 1767 625 1812 isti
663 1777 795 1811 totam
816 1766 1105 1811 narrationem
1126 1765 1274 1811 falsam
1299 1765 1532 1828 aliquando
1554 1766 1694 1811 susci-

318 1839 471 1901 piant3
497 1837 568 1882 sed
591 1837 850 1900 plerumque
873 1836 983 1881 veris
994 1836 1099 1881 falsa
1120 1846 1377 1890 contexunt,
1408 1835 1485 1881 ubi
1511 1836 1694 1881 suavitas

320 1925 391 1953 eos
415 1907 584 1953 deserit.
620 1907 728 1952 Haee
757 1916 899 1951 autem
935 1906 1023 1951 duo
1070 1923 1222 1965 genera
1254 1905 1578 1950 mendaciorum
1604 1922 1692 1950 non

316 1977 479 2021 obsunt
494 1976 787 2030 credentibus,
813 1975 915 2038 quia
948 1975 1060 2020 nihil
1083 1974 1136 2020 de
1163 1974 1362 2020 doctrina
1380 1974 1596 2034 religionis
1613 1991 1692 2019 ve-

318 2045 548 2107 ritatisque
565 2044 795 2100 falluntur,
821 2055 895 2089 aut
912 2044 964 2089 de
977 2043 1064 2089 ullo
1077 2043 1306 2089 commodo
1321 2043 1386 2089 vel
1400 2043 1584 2089 utilitate
1596 2060 1685 2090 sua.

320 2114 490 2159 Sufficit
510 2115 624 2158 enim
649 2115 707 2159 eis
735 2126 781 2159 ut
804 2114 1005 2174 judicent
1031 2114 1121 2159 fieri
1158 2114 1346 2176 potuisse
1368 2113 1487 2177 quod
1510 2113 1688 2169 dicitur,

316 2193 358 2228 et
380 2182 510 2227 fidem
540 2183 732 2227 habeant
756 2183 925 2228 homini
945 2201 1073 2246 quem
1101 2200 1188 2228 non
1211 2183 1372 2229 debent
1407 2194 1563 2229 temere
1582 2184 1691 2229 exis-

317 2252 472 2296 timare
491 2252 781 2297 mentientem.
808 2252 928 2307 Quid
966 2253 1079 2297 enim
1105 2252 1255 2308 obest,
1281 2254 1315 2298 si
1351 2252 1498 2298 credat
1521 2264 1691 2315 patrem

318 2331 390 2366 aut
410 2338 539 2365 avum
572 2320 753 2380 alicujus
773 2322 914 2367 Yirum
932 2323 1098 2367 bonum
1124 2321 1269 2378 fuisse,
1296 2324 1561 2368 etiamsinon
1577 2323 1659 2368 fuit
1676 2343 1688 2375 ;

318 2401 392 2435 aut
406 2406 540 2452 usque
561 2389 615 2434 ad
632 2391 781 2434 Persas
801 2391 1028 2436 militando
1046 2392 1304 2454 pervenisse,
1327 2393 1489 2437 etiamsi
1511 2409 1533 2436 a
1549 2392 1690 2437 Roma

314 2476 541 2522 nunquam
567 2460 766 2505 recessit?
805 2460 915 2523 Ipsis
949 2472 1091 2506 autem
1118 2461 1424 2507 mentientibus
1454 2461 1580 2507 valde
1612 2463 1690 2507 ob-

315 2539 439 2575 sunt:
460 2528 544 2576 illis
561 2528 756 2592 quidem,
777 2530 880 2593 quia
891 2531 949 2575 sie
970 2530 1171 2576 deserunt
1191 2531 1426 2588 veritatem,
1452 2543 1500 2578 ut
1521 2531 1689 2579 fallacia

319 2600 546 2653 laetentur3
575 2599 680 2657 istis,
697 2599 801 2664 quia
823 2617 866 2647 se
891 2602 1057 2648 malunt
1078 2601 1262 2665 placere,
1289 2618 1420 2666 quam
1440 2619 1602 2650 verum.
