1758 3246
361 336 414 366 υΕ
449 334 589 365 omnin
626 331 956 373 MONACHORUM‚
997 335 1083 366 Lm.
1128 336 1156 365 1.
1359 322 1443 368 551

77 401 237 457 servili,
261 401 334 447 vel
355 401 483 446 etiam
514 399 689 456 liberti,
715 398 781 446 vel
806 409 986 462 propter
1020 400 1107 446 hoc
1134 418 1157 446 a
1185 401 1370 448 dominis
1388 402 1448 449 li-

79 472 218 518 berati
239 471 325 517 sive
349 469 585 516 liberandi.
608 481 650 516 et
671 487 717 515 ex
731 470 820 516 vita
840 469 1055 515 rusticana
1069 507 1079 525 ‚
1107 481 1148 516 et
1166 488 1214 516 ex
1233 473 1445 534 opificum

81 540 374 587 exercitatione
413 550 455 585 et
492 539 665 602 plebeio
707 539 879 594 labore,
923 549 1042 584 tanto
1088 541 1236 603 utique
1280 542 1448 589 felicius

77 621 240 675 quanto
263 610 414 656 fortius
441 610 615 656 educati
648 627 658 655 :
687 610 762 672 qui
789 610 823 655 si
846 626 934 655 non
967 609 1277 665 admittantur,
1316 630 1444 672 grave

81 681 285 727 delictum
305 692 381 728 est.
408 681 536 727 Multi
554 682 669 726 enim
685 697 732 726 ex
753 697 803 725 eo
818 697 997 726 numero
1017 698 1113 726 vere
1133 683 1277 741 magni
1295 694 1336 728 et
1351 684 1448 729 imi-

80 753 201 798 tandi
224 752 466 799 extiterunt.
495 753 603 798 Nam
626 761 854 814 propterea
878 772 897 793 «
925 752 979 796 Et
1001 751 1173 797 infirma
1195 753 1348 798 mundi
1366 754 1447 800 ele-

80 843 101 863 »
120 823 181 883 git
204 824 318 868 Deus
334 859 344 877 ‚
368 831 417 868 ut
440 821 726 868 confunderet
747 821 899 874 fortia3
920 832 962 867 et
983 822 1110 867 stulta
1131 822 1284 868 mundi
1300 823 1443 883 elegit,

80 914 101 934 »
121 903 171 938 ut
186 891 468 938 confunderet
493 892 728 956 sapientes;
745 902 787 937 et
803 891 1009 951 ignobilia
1028 892 1206 949 mundi,
1224 904 1266 938 et
1285 911 1331 939 ea
1346 910 1446 956 quae

80 980 202 1010 »11011
233 974 334 1009 sunt
361 973 568 1027 tanquam
604 964 715 1019 sint,
746 973 794 1008 ut
817 980 865 1008 ea
896 980 995 1026 quae
1024 974 1124 1008 sunt
1146 975 1407 1010 evacuentur
1433 982 1444 1009 z

80 1054 100 1075 >2
118 1044 166 1080 ut
187 1051 271 1079 non
294 1033 500 1092 glorietur
525 1033 663 1079 omnis
682 1050 782 1078 caro
807 1050 951 1079 coram
975 1033 1066 1079 Deo
1078 1032 1110 1081 ¹.
1135 1054 1156 1075 ›>
1177 1035 1285 1080 Haec
1301 1034 1446 1097 itaque

77 1104 151 1167 pia
173 1115 214 1149 et
234 1114 381 1149 sancta
405 1103 608 1163 cogitatio
632 1102 759 1159 facit,
789 1114 837 1149 ut
857 1103 986 1149 etiam
1007 1103 1108 1149 tales
1127 1103 1414 1150 admittantur
1431 1142 1440 1152 .

77 1174 153 1237 qui
173 1173 341 1219 nullum
364 1174 540 1219 afferant
557 1183 736 1218 mutatae
753 1173 797 1218 in
815 1174 966 1220 melius
988 1174 1091 1220 vitae
1113 1174 1438 1222 documentum.

78 1246 226 1308 Neque
251 1244 365 1288 enim
389 1255 570 1307 apparet
587 1280 597 1299 ‚
628 1254 773 1289 utrum
803 1261 848 1289 ex
877 1245 1101 1307 proposito
1124 1245 1340 1290 servitutis
1367 1246 1445 1292 Dei

77 1315 292 1369 venerint,
315 1333 368 1360 an
386 1315 517 1359 vitam
534 1315 709 1376 inopem
727 1324 769 1359 et
787 1314 1048 1360 laboriosam
1068 1315 1278 1374 fugientes
1297 1316 1442 1371 vacui,

77 1384 196 1448 pasci
220 1394 348 1447 atque
368 1384 513 1430 vestiri
545 1383 784 1439 voluerint,
818 1394 860 1429 et
877 1384 1053 1447 insuper
1071 1384 1281 1431 honorari
1305 1386 1360 1430 ab
1388 1386 1446 1432 eis

78 1473 100 1499 a
123 1455 283 1517 quibus
306 1454 524 1499 contemni
552 1454 801 1518 conterique
836 1465 1157 1501 consueverant.
1191 1455 1315 1501 Tales
1342 1473 1443 1516 ergo

77 1524 283 1588 quoniam
305 1541 346 1569 se
371 1525 602 1587 quominus
625 1535 882 1587 operentur,
903 1524 956 1569 de
972 1525 1223 1570 infirmitate
1253 1527 1447 1589 corporis

76 1613 271 1641 excusare
291 1612 377 1640 non
401 1606 582 1658 possunt
598 1633 607 1649 ‚
636 1596 871 1658 praeteritae
892 1597 1059 1659 quippe
1081 1597 1183 1642 vitae
1210 1603 1445 1644 consuetu-

76 1665 175 1711 dine
196 1665 519 1711 convincuntur
534 1702 544 1721 ‚
568 1665 823 1711 umbraculo
849 1665 972 1711 malae
990 1665 1234 1728 disciplinae
1263 1684 1304 1712 se
1330 1684 1439 1713 6011-

76 1746 225 1796 tegunt
242 1773 252 1789 ,
277 1746 323 1781 111
349 1752 397 1780 ex
420 1735 530 1780 male
551 1736 768 1782 intellecto
796 1736 1030 1795 Evangelio
1063 1747 1285 1799 praecepta
1309 1755 1442 1801 apos-

76 1807 204 1853 tolica
220 1817 462 1871 pervertere
482 1807 770 1860 meditentur3
794 1824 890 1852 x'ere
912 1807 1100 1852 volatilia
1125 1807 1225 1853 60611
1239 1845 1249 1863 ,
1273 1809 1347 1854 56(1
1368 1827 1446 1873 per

74 1877 323 1941 superbiam
353 1877 398 1922 in
423 1876 557 1922 altum
593 1895 635 1922 se
660 1877 929 1931 extollend03
960 1888 1000 1923 et
1028 1877 1195 1923 foeimm
1224 1879 1342 1938 agri,
1373 1880 1446 1925 sed

75 1948 303 1993 carnaliter
331 1948 568 1994 sentiendo.

139 2019 296 2064 XXVI.
340 2018 564 2078 Contingit
590 2018 704 2064 enim
733 2019 790 2063 eis
810 2018 929 2082 quod
961 2019 1006 2065 111
1038 2019 1180 2065 viduis
1196 2020 1446 2080 junioribus

74 2089 407 2152 indisciplinatis
427 2089 667 2134 cavendum
694 2089 807 2134 idem
833 2089 1067 2152 Apostolus
1092 2091 1200 2136 dicit
1225 2108 1234 2136 :
1265 2112 1284 2132 «
1307 2090 1449 2136 Simul

75 2181 96 2201 >›
117 2170 256 2205 autem
284 2170 324 2205 61
342 2160 490 2205 otiosae
508 2176 593 2204 esse
610 2159 783 2205 discunt
801 2197 811 2215 ‚
839 2177 927 2205 non
952 2159 1088 2206 solum
1108 2172 1250 2207 autem
1269 2162 1441 2217 otiosas,

75 2251 95 2271 »
115 2230 186 2275 sed
205 2230 330 2275 etiam
349 2230 530 2276 curiosae
548 2241 590 2275 61
608 2230 824 2286 verbosae,
849 2230 1069 2295 loquentes
1087 2249 1186 2295 quae
1206 2249 1294 2278 non
1315 2248 1444 2295 opor-

76 2323 97 2343 »
114 2302 240 2348 teat2.
265 2323 285 2342 n
326 2302 421 2347 Hoc
442 2300 514 2346 ille
538 2301 592 2347 de
623 2301 746 2347 malis
766 2301 957 2348 foeminis
987 2303 1187 2360 dicebat,
1224 2304 1343 2367 quod
1368 2320 1445 2348 nos

73 2373 200 2418 etiam
221 2373 266 2418 in
297 2372 418 2417 malis
435 2373 540 2418 viris
563 2372 758 2418 dolemus
778 2385 819 2419 et
842 2374 1089 2436 plangimus
1106 2411 1117 2430 ‚
1146 2375 1222 2438 qui
1242 2374 1445 2420 adversus

74 2460 170 2489 eum
190 2443 359 2506 ipsum,
385 2443 430 2488 in
454 2447 579 2502 cujus
605 2443 806 2505 Epistolis
823 2443 901 2490 ista
918 2444 1121 2504 legimus,
1148 2444 1272 2490 otiosi
1289 2455 1331 2490 61
1349 2462 1451 2490 ver-

73 2514 166 2559 bosi
187 2550 198 2569 ,
235 2529 334 2575 quae
365 2530 454 2558 non
489 2523 660 2576 oportet
699 2514 954 2577 loquuntur.
993 2515 1083 2559 Etsi
1117 2515 1193 2578 qui
1222 2525 1322 2560 sunt
1343 2515 1456 2559 inter

76 2601 146 2630 eos
162 2621 172 2641 ‚
196 2584 275 2647 qui
291 2600 340 2628 eo
360 2585 584 2647 proposito
620 2584 674 2630 ad
699 2595 894 2631 sanctam
918 2585 1118 2631 militiam
1150 2586 1349 2632 venerint
1369 2621 1380 2643 ‚
1409 2596 1458 2631 ut

125 2667 135 2689 ¹
160 2677 171 2697 1
196 2668 273 2699 Cor.
291 2678 314 2704 1,
331 2677 444 2707 27-29.
463 2664 533 2689 —2
555 2678 566 2697 1
589 2667 674 2699 Tim.
693 2678 723 2711 V,
753 2670 807 2700 13.
