1758 3246
332 283 388 337 14
734 293 768 323 5.
811 292 1052 324 AUGUSTIM
1088 293 1292 324 Errscom

323 371 366 406 et
386 358 604 423 praeterita
627 373 726 420 quae
750 361 843 417 jam
871 375 960 403 11011
992 368 1172 421 possunt
1196 358 1361 414 videri,
1396 367 1438 402 et
1468 357 1697 420 praesentia

322 445 422 493 quae
445 445 524 474 nec
547 438 728 491 possunt
761 427 898 472 videri
932 428 1076 472 onmia
1095 465 1105 483 ‚
1140 444 1239 473 cum
1269 427 1695 491 praenuntiarentur,

320 498 433 545 nihil
454 498 613 543 horum
632 508 802 561 poterat
820 508 924 543 tunc
942 497 1092 544 videri.
1118 500 1231 544 Cum
1256 515 1356 557 ergo
1374 498 1465 543 fieri
1484 496 1702 560 praedicta

322 579 571 633 coeperunt,
591 585 638 613 ex
656 567 739 613 illis
756 585 854 631 quae
870 567 985 613 sacta
1004 579 1104 614 sunt
1122 585 1257 632 usque
1276 569 1330 613 ad
1353 569 1430 613 ista
1451 584 1551 631 quae
1568 567 1698 621 fiunt,

323 639 377 685 de
396 638 571 684 Christo
594 649 636 683 et
662 637 851 683 Ecclesia
877 655 976 700 quae
1000 638 1213 702 praedicta
1243 650 1343 684 sunt
1376 637 1577 683 ordinata
1599 635 1704 681 serie
1741 637 1745 652 ⁸

323 718 640 755 cucurrerunt:
669 706 723 753 ad
740 724 871 770 quam
893 707 1042 753 seriem
1071 708 1290 770 pertinent
1326 707 1378 752 de
1417 707 1487 751 die
1519 705 1702 765 judicii,

324 779 378 825 de
403 778 711 825 resurrectione
733 788 1005 823 mortuorum
1021 815 1031 833 ‚
1059 778 1112 823 de
1136 778 1373 841 impiorum
1392 787 1554 822 {eterna
1577 775 1706 820 dam-

325 850 500 895 natione
520 865 622 894 Cum
640 847 836 903 diabolo,
854 859 896 893 et
914 847 967 892 de
982 848 1159 910 piorum
1183 858 1343 892 aeterna
1363 844 1706 891 remuneratione
1742 839 1746 849 '

327 935 430 964 cum
460 918 636 963 Christo
652 955 663 974 ,
693 934 794 980 quae
821 917 1017 963 similiter
1037 917 1252 980 praedicta
1271 928 1454 962 ventura
1479 925 1591 961 sunt.
1617 914 1709 959 Cur

327 1005 427 1048 ergo
446 1004 511 1033 res
529 987 694 1050 primas
713 997 756 1032 et
779 986 1033 1033 novissimas
1056 1003 1162 1048 quas
1180 1002 1269 1030 non
1292 985 1489 1031 videmus
1506 1001 1594 1030 non
1613 1000 1711 1029 cre-
1742 974 1746 984 ¹

329 1057 506 1104 damus.
531 1074 633 1102 cum
653 1067 779 1102 testes
807 1068 1091 1118 utrarumque
1108 1072 1173 1101 res
1194 1054 1356 1101 medias
1380 1071 1488 1118 quas
1512 1053 1712 1100 videmus

328 1126 570 1171 habeamus
582 1144 592 1182 3
611 1137 739 1189 atque
757 1127 802 1171 in
817 1126 1088 1189 propheticis
1105 1126 1250 1171 Libris
1259 1135 1302 1170 et
1315 1125 1478 1188 primas
1491 1133 1534 1168 et
1549 1123 1713 1169 medias

330 1206 372 1241 et
388 1195 639 1242 novissimas
663 1195 732 1241 vel
757 1196 984 1241 audiamus
1006 1196 1322 1258 praenuntiatas
1352 1204 1449 1240 ante
1474 1210 1608 1256 quam
1632 1194 1714 1238 fie-
1743 1195 1747 1211 ‘

331 1277 452 1321 rent,
479 1265 547 1311 vel
565 1264 790 1324 legamus?
816 1265 909 1310 Nisi
924 1265 1034 1310 forte
1054 1265 1322 1310 arbitrantur
1339 1263 1537 1309 homines
1561 1262 1715 1308 infide-
1743 1302 1747 1327 i

331 1335 391 1382 les
417 1353 441 1381 a
466 1334 725 1379 Christianis
761 1335 836 1380 illa
866 1352 952 1380 esse
992 1336 1267 1399 conscripta,
1303 1345 1351 1380 ut
1386 1334 1466 1379 ista
1495 1349 1595 1396 quae
1621 1336 1716 1393 jam
1744 1328 1747 1335 ⁵

334 1404 572 1451 credebant
599 1407 738 1463 majus
770 1404 984 1450 haberent
1017 1405 1193 1468 pondus
1225 1403 1515 1459 1116101111115,
1555 1403 1589 1448 si
1618 1413 1716 1449 ante

333 1492 466 1540 quam
484 1474 708 1530 venirent,
739 1485 998 1551 putarentur
1015 1492 1102 1520 esse
1126 1476 1350 1551 promissa.

398 1546 476 1591 lX.
519 1543 651 1600 Quod
669 1544 704 1588 si
725 1544 1020 1607 suspicantur,
1049 1545 1328 1590 1111111160111111
1358 1555 1605 1590 nostrorum
1629 1543 1716 1589 Ju-

332 1616 531 1662 daeorum
551 1613 721 1659 codices
743 1625 1082 1677 perscrutentur.
1108 1614 1343 1659 lbileoant
1359 1615 1458 1671 1513,
1481 1631 1582 1677 quae
1599 1630 1716 1659 com-

332 1683 690 1740 memoravimus,
728 1684 1024 1760 praenuntiata
1050 1683 1103 1728 de
1128 1684 1304 1729 Christo
1332 1685 1377 1729 in
1414 1701 1545 1747 quem
1568 1683 1714 1729 credi-

334 1773 454 1812 mus,
474 1765 516 1799 et
537 1753 728 1799 Ecclesia
751 1770 883 1815 quam
902 1753 1118 1798 cernimus
1136 1753 1192 1797 ab
1217 1753 1342 1798 initio
1371 1754 1588 1799 laborioso
1613 1752 1717 1799 fidoi

335 1841 471 1888 usque
499 1823 555 1869 ad
577 1823 883 1886 sempiternam
909 1822 1227 1868 beatitudinem
1248 1824 1382 1883 regni.
1410 1824 1495 1869 sed
1528 1840 1629 1869 cum
1646 1822 1714 1868 le·-

336 1905 470 1957 gunt‚
498 1911 587 1939 non
609 1894 821 1938 mirentur
843 1892 988 1956 quod
977 1903 1057 1938 ista
1080 1892 1165 1948 illi,
1195 1910 1306 1956 quoi
1310 1911 1383 1938 um
1400 1893 1571 1939 codices
1589 1903 1711 1948 sunt,

335 1975 515 2031 propter
536 1963 864 2010 inimicitiarum
884 1964 1080 2009 tenebras
1104 1981 1192 2008 non
1215 1963 1477 2024 intellngunt
1508 1964 1620 2008 Nam
1645 1979 1716 2008 eos

336 2055 425 2084 non
453 2035 747 2082 intellecturos
780 2035 837 2080 ab
862 2034 1022 2080 eisdem
1053 2034 1288 2098 Prophetis
1319 2046 1416 2080 ante
1450 2035 1715 2098 praedictum

337 2117 400 2154 est
422 2125 432 2152 ε
460 2105 579 2171 quod
596 2116 643 2151 ut
661 2116 818 2151 caetera
839 2105 1071 2168 oportebat
1094 2104 1266 2168 impleri
1286 2142 1296 2156 ,
1320 2116 1361 2150 et
1380 2105 1551 2150 occulto
1570 2108 1715 2164 justo-

339 2196 423 2243 que
456 2177 624 2238 Judicio
652 2176 732 2222 Dei
769 2176 933 2221 meritis
962 2193 1111 2221 corum
1148 2192 1326 2238 poenam
1350 2176 1544 2221 debitam
1570 2174 1708 2221 reddi.

338 2249 417 2295 Ille
434 2249 601 2312 quippe
619 2284 630 2304 ‚
655 2263 784 2309 quem
803 2246 1110 2291 crucifixerunt
1125 2282 1135 2301 ,
1164 2255 1207 2289 et
1227 2245 1299 2290 cui
1314 2245 1371 2290 fel
1392 2256 1434 2290 et
1449 2255 1619 2290 acetum
1641 2243 1715 2289 de-

338 2319 520 2375 derunt,
556 2316 754 2382 quamvis
789 2316 835 2361 in
865 2315 983 2375 ligno
1018 2314 1238 2382 pendens,
1282 2325 1464 2378 propter
1503 2331 1573 2360 eos
1607 2329 1715 2376 quos

338 2389 516 2438 fuerat
505 2407 551 2435 111
584 2388 726 2434 lucem
752 2386 805 2432 de
842 2385 1028 2432 tenebris
1064 2385 1516 2441 eductuius,dixe1it
1556 2384 1711 2430 Patri:

342 2463 558 2522 «Ignosce
592 2458 701 2516 illis,
743 2458 845 2521 quia
877 2457 1075 2503 nesciunt
1109 2456 1217 2519 quid
1253 2454 1481 2501 faciuntl·
1472 2490 1482 2500 .
1516 2477 1535 2497 »
1569 2465 1714 2500 13111611

341 2541 521 2596 propter
555 2527 755 2587 caeteros,
795 2544 905 2593 quos
939 2526 1252 2574 occultioribus
1288 2527 1426 2573 causis
1455 2525 1599 2573 fuerat
1632 2509 1750 2570 de-

389 2614 400 2636 ¹
428 2616 504 2646 Luc.
524 2623 621 2652 xxm,
639 2613 696 2649 34.

1742 756 1746 789 Ξ

1743 1235 1747 1276 l
