1758 3246
293 278 386 327 606
717 295 750 325 5.
793 294 1037 328 1100051151
1074 297 1278 330 nrrscom

293 359 410 406 nulla
445 377 530 405 esse
558 359 734 423 quando
764 361 841 407 ubi
872 363 1134 427 sepeliantur
1165 363 1416 411 attenditur.
1449 362 1536 411 Sed
1566 380 1666 412 cum

295 427 395 474 talia
414 427 612 475 vivorum
644 428 793 476 solatia
822 433 1123 496 requiruntur,
1150 434 1310 497 quibus
1330 451 1479 480 eorum
1505 434 1604 498 pius
1621 435 1668 481 in

294 515 391 544 suos
425 498 593 545 animus
625 513 850 564 appareat,
885 520 973 549 non
1002 504 1128 550 video
1163 522 1262 568 quae
1285 515 1386 551 sunt
1419 504 1669 565 adjumenta

291 579 580 627 mortuorum,
605 570 687 616 nisi
711 571 765 617 ad
786 573 872 619 1100
891 585 940 619 ut
960 573 1065 620 dum
1094 575 1291 620 recolunt
1314 575 1393 620 uhi
1415 575 1500 620 sint
1527 575 1669 638 posita

291 657 441 686 eorum
469 657 578 704 quos
609 640 796 701 diligunt
822 661 1009 708 corpora
1028 682 1038 700 ‚
1065 644 1225 690 eisdem
1251 644 1420 691 Sanctis
1447 643 1542 690 illos
1573 655 1667 690 tan-

291 727 424 774 quam
465 711 659 775 patronis
699 725 918 778 susceptos
960 715 1078 778 apud
1125 715 1362 761 Dominum
1401 713 1669 774 adjuvandos

291 781 458 828 orando
504 782 825 831 commendent.
878 785 1009 841 Quod
1053 785 1232 849 quidem
1274 785 1414 831 facere
1467 795 1664 848 possent,

291 852 458 898 etiamsi
477 851 637 897 talibus
654 851 760 898 10015
783 871 852 899 005
877 854 1058 900 humare
1076 872 1165 900 11011
1184 865 1369 918 possent.
1399 854 1483 900 Sed
1503 871 1591 899 non
1611 854 1670 900 ob

292 920 410 968 aliud
431 921 495 969 vel
524 923 746 968 Memoriae
772 924 842 970 vel
867 925 1151 971 Monumenta
1175 924 1382 970 dicuntur
1407 941 1455 969 ea
1480 939 1579 986 quae
1598 923 1670 969 in—

293 993 448 1052 signita
474 993 587 1039 fiunt
611 992 810 1056 sepulcra
839 1006 1130 1052 mortuorum,
1163 995 1246 1041 nisi
1275 994 1376 1058 quia
1405 1010 1475 1038 eos
1497 993 1575 1056 qui
1599 993 1670 1040 vi·-

293 1063 485 1110 ventium
509 1062 646 1108 oculis
670 1074 806 1110 morte
832 1065 1044 1112 subtracti
1074 1076 1192 1123 sunt,
1223 1082 1276 1110 ne
1299 1063 1518 1110 oblivione
1542 1063 1672 1109 etiam

294 1133 502 1180 cordibus
524 1133 861 1191 subtrahantur,
883 1137 928 1182 in
948 1137 1199 1182 memoriam
1215 1145 1439 1190 revocant,
1463 1143 1506 1179 et
1524 1131 1672 1179 admo-

294 1205 435 1270 nendo
458 1204 626 1251 faciunt
646 1204 826 1265 cogitari
847 1224 857 1251 :
879 1225 977 1252 nam
1003 1218 1046 1252 et
1065 1207 1286 1252 Memoriae
1306 1221 1464 1251 nomen
1483 1203 1530 1249 id
1550 1220 1672 1268 aper-

294 1275 452 1320 tissime
465 1273 670 1331 ostendit,
687 1286 729 1321 et
744 1277 1076 1323 Monumentum
1090 1294 1138 1322 eo
1151 1275 1269 1340 quod
1282 1285 1452 1321 moneat
1464 1285 1668 1328 mentem,

292 1342 338 1389 id
369 1350 448 1399 est,
484 1341 729 1398 admoneat,
765 1357 1062 1407 nuncupatur.
1096 1348 1284 1408 Propter
1311 1344 1432 1409 quod
1458 1355 1501 1390 et
1528 1344 1673 1391 ‹jraeci

297 1422 486 1476 μνημεῖον
509 1423 687 1469 vocant,
720 1413 841 1476 quod
859 1431 937 1459 nos
960 1415 1213 1460 Memoriam
1235 1431 1307 1459 seu
1340 1415 1672 1460 Monumentum

291 1484 560 1548 appellamus
583 1484 822 1547 :quoniam
855 1484 1002 1545 lingua
1034 1502 1185 1531 eorum
1216 1483 1423 1530 memoria
1455 1483 1551 1547 ipsa
1584 1500 1673 1548 qua

292 1554 568 1600 meminimus
587 1560 722 1616 μνήμη
742 1553 918 1602 dicitur.
947 1556 1059 1601 Cum
1079 1555 1225 1618 itaque
1240 1553 1390 1600 recolit
1408 1555 1575 1600 animus
1594 1553 1671 1599 ubi

292 1624 509 1690 sepultum
533 1625 587 1670 sit
611 1625 854 1671 charissimi
878 1643 1055 1690 corpus,
1077 1637 1119 1672 et
1142 1625 1333 1672 occurrit
1356 1625 1478 1671 locus
1495 1624 1670 1671 nomine

294 1696 496 1759 Martyris
533 1694 811 1753 venerabilis,
849 1696 988 1743 eidem
1024 1696 1206 1760 Martyri
1242 1696 1430 1742 animam
1467 1695 1671 1742 dilectam

293 1765 571 1814 commendat
602 1765 867 1812 recordantis
900 1777 942 1812 et
972 1767 1191 1831 precantis
1218 1768 1408 1813 affectus,
1447 1767 1536 1823 Qui
1567 1783 1669 1813 cum

292 1839 508 1885 defunctis
524 1855 546 1882 a
568 1836 771 1882 fidelibus
795 1837 1058 1884 charissimis
1083 1837 1328 1894 exhibetur,
1349 1854 1448 1883 eum
1466 1836 1668 1900 prodesse

293 1927 382 1955 non
411 1908 597 1954 dubium
627 1918 690 1952 est
711 1907 779 1964 iis,
811 1908 889 1971 qui
912 1925 1013 1954 cum
1039 1909 1086 1954 111
1118 1925 1299 1972 corpore
1333 1908 1541 1964 viverent,
1566 1906 1669 1954 talia

292 1979 376 2025 sibi
408 1988 508 2042 post
540 1978 654 2023 lianc
679 1977 814 2023 vitam
846 1979 1047 2042 prodesse
1078 1989 1341 2026 meruerunt.
1382 1978 1538 2024 Verum
1566 1989 1608 2023 et
1631 1978 1667 2024 si

292 2050 435 2114 aliqua
456 2049 682 2094 necessitas
699 2047 767 2095 vel
784 2047 959 2095 humari
983 2066 1183 2113 corpora,
1217 2048 1284 2096 vel
1307 2050 1352 2094 in
1373 2048 1532 2095 talibus
1558 2047 1666 2095 10015

289 2121 465 2167 humari
488 2119 608 2164 nulla
632 2118 733 2164 data
750 2118 960 2166 facultate
983 2120 1225 2184 permittat,
1252 2136 1341 2165 non
1364 2130 1463 2165 sunt
1486 2130 1664 2184 praeter-

287 2191 511 2238 mittendae
560 2190 899 2254 supplicationes
944 2209 1026 2255 pro
1071 2191 1297 2255 spiritibus
1341 2202 1614 2238 mortuorum
1647 2209 1660 2238 z

287 2281 394 2327 quas
426 2261 644 2308 faciendas
677 2279 758 2324 pro
791 2263 994 2307 omnihus
1023 2264 1068 2308 in
1100 2262 1336 2308 christiana
1369 2273 1411 2307 et
1448 2261 1664 2309 catholica

285 2335 486 2380 societate
505 2332 720 2378 defunctis
738 2333 866 2378 etiam
887 2333 1028 2379 tacitis
1054 2334 1305 2379 nominihus
1323 2351 1472 2379 corum
1489 2334 1570 2379 sub
1589 2351 1661 2394 ge-

284 2405 421 2452 nerali
448 2404 857 2450 commemoratione
891 2405 1082 2467 suscepit
1108 2405 1324 2458 Ecclesia3
1352 2415 1400 2449 ut
1422 2404 1582 2466 quibus
1606 2403 1662 2450 ad

280 2478 361 2524 ista
381 2475 536 2522 desunt
552 2485 769 2539 parentes,
794 2485 870 2519 aut
894 2474 991 2532 filii,
1016 2485 1089 2519 aut
1107 2475 1375 2538 quicumque
1400 2474 1572 2534 cognati
1594 2473 1661 2522 vel

283 2547 437 2605 amici,
466 2547 522 2592 ab
555 2563 641 2591 una
663 2546 721 2591 eis
747 2544 1035 2591 exhibeantur
1065 2546 1139 2609 pia
1170 2555 1306 2590 matre
1339 2545 1575 2592 communi.
1614 2545 1660 2591 Si

279 2630 422 2666 autem
446 2617 640 2663 deessent
665 2616 757 2662 istae
785 2616 1140 2678 supplicationes,
1170 2633 1270 2678 quse
1299 2616 1409 2662 fiunt
1436 2626 1550 2662 recta
1574 2615 1661 2661 fide
