1758 3246
4 292 6 315 l
49 311 345 342 ENCHIRIDION
383 309 437 339 DE
474 309 592 347 FIDE,
634 309 707 338 SPE
744 308 797 338 ET
832 308 1101 350 (ΣῙῙΑΠῙΤΑΤΕ,
1140 311 1225 342 LlB.
1270 311 1299 341 l.
1353 312 1411 359 97

4 373 5 419 J
48 376 248 432 maxime,
275 376 362 421 imo
388 391 486 421 vero
510 373 595 419 sola
628 375 671 419 in
702 374 906 433 religione
937 375 1154 437 sequenda
1182 387 1294 423 sunt.
1339 377 1418 422 His

47 447 121 512 qui
153 445 439 500 contradicit,
480 455 554 491 aut
590 444 766 491 omnino
804 462 826 489 a
863 444 1027 489 Christi
1061 445 1232 491 nomine
1258 447 1420 493 alienus

4 544 7 581 3
46 529 130 573 est,
156 527 230 562 aut
248 514 492 562 haereticus.
526 516 632 561 llaec
659 525 758 560 sunt
779 514 1050 560 defendenda
1080 515 1268 573 ratione,
1305 516 1373 562 vel
1397 536 1421 562 a

4 610 5 616 ¹
47 588 240 636 sensibus
272 587 464 650 corporis
499 585 704 631 inchoata
726 623 736 641 ,
777 585 843 631 vel
875 585 930 630 ab
964 584 1245 644 intelligentia
1270 587 1424 632 mentis

45 660 229 707 inventa.
259 659 370 715 Quae
398 667 539 702 autem
563 674 641 701 nec
661 673 869 719 corporeo
906 671 1029 700 sensu
1058 655 1220 718 experti
1242 673 1393 703 sumus
1410 693 1421 713 ,

5 746 7 754 ·
45 747 122 776 nec
154 739 295 775 mente
330 727 497 790 assequi
525 724 739 772 valuimus
771 736 845 771 aut
882 725 1099 782 valemus,
1136 726 1194 771 eis
1225 726 1313 771 sine
1338 725 1426 773 ulla

4 788 7 797 ’
44 799 315 845 dubitatione
351 796 567 843 credenda
608 807 710 841 sunt
746 796 954 852 testibus,
997 814 1019 840 a
1055 796 1216 858 quibus
1245 814 1293 842 ea
1325 814 1426 860 quae

44 869 190 915 divina
210 869 355 916 vocari
376 872 466 927 jam
492 868 651 912 meruit
673 867 900 930 Scriptura
934 867 1131 912 confecta
1158 877 1250 912 est:
1278 870 1356 932 qui
1378 887 1427 914 ea

4 943 7 967 ²
43 940 128 985 sive
151 956 228 1002 per
247 956 430 1002 corpus,
460 939 547 983 sive
574 955 651 1000 per
672 937 865 983 animum
884 973 895 994 ,
930 936 1138 983 divinitus
1168 937 1330 997 adjuti,
1358 939 1426 986 vel

42 1009 212 1064 videre,
235 1009 301 1053 vel
326 1009 454 1052 etiam
483 1007 724 1070 praevidere
749 1017 999 1069 potuerunt.
1035 1008 1149 1052 Cum
1173 1019 1316 1054 autem
1336 1009 1426 1054 ini-

5 1083 8 1119 ὲ
47 1079 102 1124 [ἱο
136 1078 237 1122 fidei
275 1095 375 1140 quae
400 1094 478 1139 per
512 1077 789 1121 dilectionem
824 1088 1053 1139 operatur,
1095 1078 1266 1124 imbuta
1308 1097 1428 1125 mens

6 1168 8 1214 ζ
42 1148 197 1204 fuerit,
229 1147 368 1192 tendit
390 1147 501 1191 bene
524 1147 711 1192 vivendo
733 1148 862 1192 etiam
882 1148 936 1192 ad
960 1148 1147 1210 speciem
1175 1152 1425 1211 pervenire,

6 1249 7 1253 =
43 1218 120 1263 ubi
138 1228 199 1263 est
223 1217 383 1262 sanctis
406 1227 448 1261 et
469 1216 670 1279 perfectis
696 1217 903 1262 cordibus
930 1227 1032 1262 nota
1061 1218 1292 1264 ineffabilis
1319 1220 1428 1283 pul-

43 1287 247 1334 chritudo
262 1324 273 1344 ,
302 1291 428 1346 qu'us
447 1285 577 1349 plena
594 1286 701 1332 visio
733 1296 795 1331 est
824 1304 991 1331 summa
1011 1286 1206 1334 felicitas,
1249 1289 1346 1335 Hoc
1365 1301 1429 1336 est

6 1374 9 1397 a
43 1358 247 1403 nimirum
271 1356 392 1420 quod
414 1356 596 1419 requiris
622 1374 632 1401 ε
664 1379 682 1395 α
706 1356 825 1413 Quid
850 1357 1042 1420 primum
1058 1395 1068 1413 ,
1091 1358 1198 1421 quid
1221 1358 1426 1407 ultimum

44 1450 63 1470 η
82 1439 306 1474 teneatur:
332 1450 352 1470 »
388 1427 589 1472 inchoari
617 1427 730 1484 fide,
768 1428 922 1491 perfici
955 1427 1111 1490 specie.
1152 1429 1261 1475 Haec
1295 1432 1425 1478 etiam

7 1511 9 1513 '
43 1499 171 1545 totius
191 1499 452 1545 definitionis
475 1509 536 1544 est
560 1516 744 1545 summa.
780 1499 961 1543 Certum
981 1516 1080 1545 vero
1104 1501 1423 1566 propriumque

41 1569 142 1616 fidei
161 1569 391 1615 catholicae
424 1568 788 1623 fundamentum,
825 1568 1026 1613 Christus
1056 1580 1151 1613 est:
1193 1592 1213 1611 «
1240 1573 1422 1620 Funda-

7 1628 10 1701 ζ
43 1661 63 1682 >>
80 1650 273 1687 mentum
317 1640 432 1685 enim
483 1638 634 1691 aliud,
687 1639 747 1683 ait
795 1638 1027 1701 Apostolus
1046 1676 1056 1694 ,
1111 1657 1236 1686 nemo
1280 1655 1422 1706 potest

7 1703 10 1758 ἶ
43 1733 63 1753 »
81 1728 263 1775 ponere,
288 1720 449 1773 praetei
466 1708 512 1754 id
531 1708 650 1770 quod
672 1708 865 1770 positum
890 1719 951 1752 est
964 1708 1116 1771 ‚quod
1134 1720 1195 1755 est
1218 1712 1420 1761 Christus

8 1766 11 1831 l
43 1803 62 1823 ›>
82 1781 244 1827 Jesus4.
272 1802 291 1821 n
317 1780 467 1843 Neque
491 1779 577 1823 hoc
600 1778 698 1823 ideo
716 1777 963 1837 negandum
986 1788 1048 1822 est
1070 1781 1300 1842 proprium
1318 1783 1419 1831 fun-

8 1838 11 1895 l
42 1851 294 1897 damentum
319 1867 404 1895 esse
428 1849 530 1895 fidei
562 1848 817 1905 catholicae
848 1849 950 1911 quia
983 1849 1132 1912 putari
1166 1863 1309 1913 potest
1332 1855 1417 1902 ali-

9 1965 11 1991 Ι
8 1919 200 1985 quibus
212 1919 429 1966 haereticis
449 1919 535 1964 hoc
563 1919 793 1963 nobiscum
823 1935 909 1964 esse
939 1935 1183 1967 commune.
1225 1922 1271 1969 Si
1297 1926 1414 1974 enim

9 1991 267 2058 diligenter
285 2007 412 2054 quae
402 1989 455 2035 ad
476 1988 701 2034 Christum
717 1989 938 2052 pertinent
955 1990 1217 2049 cogitentur,
1241 1996 1415 2044 nomine

42 2072 163 2108 tenus
184 2062 403 2108 invenitui
427 2060 459 2104 C
468 2060 629 2105 hiistus
664 2060 782 2122 apud
812 2059 1030 2122 quoslibet
1061 2060 1313 2123 haereticos,
1340 2069 1418 2132 qui

9 2157 12 2188 1
42 2150 82 2178 se
108 2133 378 2179 Christianos
409 2131 555 2177 xocaii
578 2129 762 2184 volunt3
800 2130 940 2194 reipsa
971 2147 1072 2177 xero
1104 2150 1192 2179 non
1214 2146 1277 2181 est
1295 2139 1414 2201 apud

10 2197 13 2259 l
42 2224 124 2253 eos.
167 2204 298 2262 Quod
321 2202 542 2249 ostendere
575 2202 702 2247 nimis
725 2201 905 2261 longum
925 2212 1010 2256 est3
1055 2204 1262 2266 quoniam
1289 2225 1415 2256 com-

10 2293 13 2338 ‘2
42 2275 333 2322 memorandae
351 2284 452 2320 sunt
472 2290 617 2318 omnes
634 2272 962 2328 l1aereses‚sive
984 2290 1083 2336 quae
1102 2274 1301 2335 fuerunt,
1328 2281 1416 2328 sive

11 2345 14 2386 l
43 2362 141 2409 quae
167 2357 288 2401 sunt,
316 2345 402 2391 sive
420 2360 518 2408 quae
542 2353 780 2406 potuerunt
798 2360 883 2388 esse
914 2343 995 2388 sub
1027 2345 1245 2392 vocabulo
1271 2348 1417 2396 chris-

12 2437 14 2467 g
44 2417 156 2463 tiano
171 2455 180 2472 ‚
207 2427 248 2462 et
266 2433 398 2480 quam
418 2415 472 2460 sit
495 2414 581 2459 hoc
599 2431 748 2459 verum
766 2431 843 2478 per
861 2413 1048 2474 singulas
1071 2431 1264 2479 quasque
1285 2437 1416 2467 mon-

11 2504 14 2519 ¹
44 2487 278 2533 strandum.
302 2487 415 2543 Quae
432 2484 671 2547 disputatio
688 2494 772 2530 tam
792 2484 1030 2531 multorum
1046 2496 1107 2531 est
1122 2486 1413 2551 voluminum,

90 2600 100 2622 ¹
121 2611 131 2631 ι
150 2601 224 2634 Cor.
240 2611 292 2642 ιιι,
314 2610 365 2630 11.

173 2675 358 2706 cxxxut.
1258 2678 1282 2725 7
