1758 3246
363 311 416 340 DE
455 309 576 339 nomo
614 306 892 349 vinmrArls,
931 306 1017 337 mn.
1063 308 1092 337 1.
1319 293 1411 356 349

41 395 62 418 ι)
84 383 141 420 tes
178 374 451 436 Scripturas,
489 389 626 435 neque
662 372 866 417 virtutem
898 371 992 416 Dei.
1034 372 1410 418 lnresurrectione

41 464 63 486 >2
80 444 193 489 enim
214 461 291 489 nec
311 444 506 499 nubent,
534 460 612 487 nec
638 459 786 487 uxores
814 441 976 486 ducent
997 458 1007 484 ε
1039 456 1127 484 non
1156 441 1271 485 enim
1294 442 1410 488 inci-

40 535 62 556 »
80 514 202 577 pient
224 514 361 570 mori,
391 512 465 559 sed
489 523 615 558 erunt
647 512 832 575 aequales
858 510 1029 569 Angelis
1058 508 1182 554 Dei‘l.
1203 530 1223 550 »
1250 511 1413 560 Eorum

41 584 184 647 itaque
208 584 563 629 resurrectionem
595 581 982 636 commemoravit,
1009 580 1086 643 qui
1112 592 1333 638 resurgent
1357 585 1412 629 ad

40 655 174 700 vitam
193 692 204 711 ,
230 672 317 699 non
352 654 428 717 qui
461 664 682 714 resurgent
718 652 771 698 ad
802 668 995 715 poenam.
1039 649 1191 694 Potuit
1215 666 1315 709 ergo
1342 652 1414 697 di-

42 740 136 769 cere
168 742 179 768 :
223 724 406 780 Erratis,
446 724 681 769 nescientes
719 722 993 784 Scripturas,
1037 735 1177 781 neque
1207 719 1412 766 virtutem

42 793 148 846 Dei3
172 793 219 838 in
239 793 314 838 illa
341 793 456 838 enim
480 793 790 838 resurrectione
816 790 1080 836 multinubae
1101 789 1197 834 istae
1216 807 1300 835 esse
1327 807 1416 836 non

43 872 249 925 poterunt
271 880 281 907 ε
306 862 461 908 deinde
481 863 662 919 addere,
686 862 788 925 quia
810 877 889 906 nec
911 860 1057 922 aliqua
1075 859 1138 903 ibi
1157 860 1299 907 nubit.
1331 861 1418 907 Sed

43 948 123 977 nec
156 932 321 994 ipsam,
362 943 410 978 ut
436 933 655 987 videmus,
694 942 758 976 tot
787 931 1043 976 maritorum
1070 929 1294 975 mulierem
1330 931 1419 977 ulla

44 1019 133 1047 suae
155 1004 377 1048 sententiae
393 1004 709 1062 significatione
743 1001 978 1047 damnavit.
1021 1001 1304 1063 Quapropter
1340 1019 1418 1047 nec

45 1082 197 1117 contra
235 1072 442 1118 humanae
470 1071 746 1118 verecundiae
776 1088 946 1116 sensum
983 1069 1119 1115 audeo
1157 1069 1325 1127 dicere,
1372 1081 1420 1116 ut

45 1142 213 1205 quoties
236 1142 445 1198 voluerit,
474 1143 576 1187 viris
603 1142 785 1186 mortuis
819 1141 960 1185 nubat
999 1139 1180 1183 foemina
1214 1157 1223 1183 :
1261 1158 1338 1185 nec
1373 1157 1420 1185 ex

44 1228 142 1255 meo
166 1211 297 1256 corde
325 1222 488 1273 praeter
511 1211 753 1272 Scripturae
777 1219 938 1253 sanctae
973 1208 1271 1253 auctoritatem
1306 1227 1422 1271 quo-

45 1279 219 1324 taslibet
253 1280 430 1342 nuptias
465 1278 602 1324 audeo
627 1278 930 1323 condemnare.
981 1276 1113 1333 Quod
1150 1288 1292 1323 autem
1321 1279 1420 1325 dico

47 1349 230 1395 univirae
252 1349 426 1404 viduae,
454 1349 541 1394 hoc
566 1348 665 1393 dico
695 1348 812 1393 omni
841 1346 988 1393 viduae
1016 1364 1026 1391 :
1054 1348 1227 1393 Beatior
1251 1349 1358 1405 eris,
1389 1350 1423 1396 si

47 1417 106 1463 sic
131 1418 431 1481 permanseris,

113 1489 231 1534 XVI.
274 1489 384 1532 Nam
401 1498 442 1533 et
460 1487 570 1533 illud
591 1505 679 1532 non
704 1487 958 1549 insipienter
986 1487 1176 1549 proponi
1202 1487 1337 1545 solet,
1376 1500 1424 1535 ut

49 1557 167 1603 dicat
189 1558 266 1620 qui
290 1568 461 1619 potest,
487 1574 690 1620 quaenam
706 1556 839 1603 vidua
859 1556 1022 1600 meritis
1056 1556 1325 1618 praeferenda
1345 1559 1421 1615 sit,

51 1638 198 1672 utrum
226 1628 422 1683 univira,
444 1644 544 1691 quae
562 1645 664 1672 cum
686 1626 885 1682 vixisset,
917 1626 1080 1671 diutius
1111 1643 1213 1672 cum
1239 1630 1394 1675 marito
1410 1667 1421 1686 ,

51 1696 150 1741 filiis
174 1697 411 1759 procreatis
431 1697 641 1760 salvisque
666 1695 866 1751 viduata,
896 1696 1210 1742 continentiam
1234 1699 1426 1761 professa

51 1777 134 1819 est3
170 1784 225 1811 an
258 1783 307 1811 ea
338 1783 437 1828 quae
473 1766 792 1812 adolescentula
824 1766 939 1811 intra
973 1765 1082 1810 duos
1107 1784 1240 1813 annos
1265 1770 1428 1815 amissis

51 1836 225 1881 duobus
247 1836 372 1892 viris,
396 1835 525 1881 nullis
545 1835 599 1881 ad
617 1835 956 1881 consolationem
981 1837 1228 1882 extantibus
1254 1838 1425 1897 liberis,

51 1906 362 1951 continentiam
383 1906 474 1951 Deo
496 1906 616 1952 vovit
633 1943 644 1960 ,
667 1915 709 1950 et
730 1905 775 1949 in
793 1923 840 1950 ea
861 1907 1281 1967 perseverantissima
1309 1926 1430 1955 sanc-

55 1977 174 2021 titate
207 1975 462 2021 consenuit?
487 1977 569 2021 Hic
600 1993 642 2021 se
678 1986 925 2030 exerceant,
960 1976 993 2020 si
1029 1987 1237 2039 possunt,
1273 1979 1431 2042 dispu-

58 2045 188 2091 tando
206 2082 218 2101 ,
245 2055 287 2090 et
305 2045 431 2090 nobis
464 2045 630 2108 aliquid
663 2044 1026 2101 demonstrando,
1065 2047 1139 2108 qui
1174 2047 1228 2092 de
1251 2066 1431 2095 numero

58 2116 248 2161 virorum
266 2151 277 2169 ,
305 2131 392 2158 non
418 2114 471 2159 de
490 2114 626 2177 ipsius
643 2114 924 2161 continentiae
945 2114 1113 2160 viribus
1135 2130 1319 2179 pensant
1342 2137 1433 2165 me-

56 2186 137 2230 rita
164 2183 410 2230 viduarum.
442 2184 489 2230 Si
514 2185 630 2229 enim
657 2184 839 2229 dixerint
861 2222 870 2238 ,
899 2183 963 2228 illi
991 2184 1148 2231 bivirae
1174 2186 1294 2233 illam
1328 2190 1431 2234 uni-

63 2255 198 2299 viram
222 2270 306 2298 esse
340 2253 658 2315 praeferendam
682 2291 692 2308 ,
723 2255 805 2299 nisi
833 2253 1056 2299 attulerint
1091 2256 1320 2318 specialem
1349 2258 1431 2303 ali-

58 2341 193 2387 quam
224 2324 436 2368 rationem
469 2323 536 2369 vel
571 2325 894 2380 auctoritatem,
926 2324 1125 2386 profecto
1159 2326 1434 2374 invenientur

60 2394 213 2441 virtuti
245 2393 378 2438 animi
405 2411 495 2438 non
521 2398 731 2454 majorem
769 2394 974 2439 virtutem
1007 2394 1166 2449 animi,
1196 2395 1268 2441 sed
1295 2399 1436 2443 carnis

60 2462 310 2508 felicitatem
331 2474 604 2526 anteponere.
629 2464 698 2509 Ad
719 2463 969 2509 felicitatem
985 2464 1152 2526 quippe
1170 2466 1310 2510 carnis
1336 2484 1433 2529 per-

65 2533 196 2579 tinuit
211 2569 222 2589 ,
247 2543 288 2577 et
304 2531 381 2578 diu
400 2550 501 2580 cum
525 2535 619 2582 viro
636 2535 779 2583 vivere
796 2571 807 2590 ,
829 2544 871 2580 et
889 2534 997 2580 filios
1025 2550 1266 2596 procreare.
1300 2537 1382 2583 Sed
1402 2538 1435 2582 si

115 2619 124 2638 ¹
149 2616 266 2651 Manh,
290 2627 372 2655 xxii,
391 2628 444 2657 29,
467 2620 518 2649 30.
