1758 3246
336 339 428 371 202
739 341 774 372 s,
817 339 1057 373 AUGUSTINI
1094 342 1294 374 EPISCOPI
1750 339 1758 366 Η

335 404 381 449 Si
401 414 443 449 et
464 403 537 450 ille
556 405 631 468 qui
662 404 800 451 credit
816 443 827 462 ‚
848 423 935 452 non
957 407 1096 453 veniet
1131 406 1178 453 in
1197 406 1415 467 judicium
1435 443 1446 462 ,
1472 415 1515 451 et
1537 404 1607 451 ille
1627 402 1704 468 qui

336 490 424 519 non
443 475 581 521 credit
595 513 605 532 ‚
618 480 709 536 jam
721 476 942 536 judicatus
960 488 1022 522 est
1040 477 1059 506 1
1079 495 1089 522 :
1119 478 1198 523 ubi
1231 488 1330 524 sunt
1355 494 1462 540 quos
1475 475 1705 536 judicatu-

333 561 406 589 rus
436 556 497 590 est
524 546 570 591 in
601 546 669 592 die
695 546 881 606 judicii?
920 548 1017 593 Non
1045 548 1292 607 intelligunt
1324 548 1383 593 sic
1406 547 1528 610 loqui
1549 545 1705 609 Scrip-
1751 551 1758 610 ἐξ

340 624 478 672 turas,
500 628 548 662 ut
569 621 840 681 praeteritum
865 631 1036 684 tempus
1064 639 1146 685 pro
1168 621 1316 666 futuro
1358 631 1557 682 tempore
1596 616 1705 664 insi·

335 696 499 731 nuent:
538 688 649 734 sicut
680 706 811 753 supra
850 690 1064 747 diximus,
1105 690 1225 754 quod
1254 689 1487 754 Apostolus
1516 688 1622 734 dixit
1655 686 1710 732 de
1751 694 1756 746 ξ

333 755 484 801 nobis:
509 779 527 798 ε(
556 758 687 815 Quod
732 761 860 807 simul
890 779 967 807 nos
1010 761 1153 807 sedere
1193 761 1296 806 fecit
1342 761 1388 805 in
1429 758 1706 814 coelestibus,
1752 783 1756 791 ·

337 825 533 871 nondum
556 827 722 875 factum
742 841 831 885 est3
857 830 928 876 sed
949 831 1051 894 quia
1074 831 1307 876 certissime
1324 841 1387 875 est
1405 829 1624 882 futurum,
1649 829 1713 873 ita
1751 844 1755 850 ’

334 895 500 942 dictum
527 910 588 943 est
608 901 731 962 quasi
751 905 842 960 jam
866 901 1033 946 factum
1059 902 1126 947 sit.
1168 901 1291 946 Sicut
1315 912 1357 946 et
1381 901 1473 964 ipse
1497 898 1714 945 Dominus
1751 894 1758 939 ’ἱ

340 966 575 1031 Discipulis
598 969 705 1015 dixit
727 989 737 1015 :
768 993 787 1013 «
808 971 969 1017 Omnia
990 989 1089 1035 quae
1105 971 1253 1018 audivi
1275 990 1297 1017 a
1318 972 1446 1017 Patre
1468 986 1587 1025 me0‚
1609 978 1715 1014 nota
1752 997 1758 1012 ι

337 1057 356 1075 »
382 1036 463 1082 feei
481 1039 605 1085 vobis
621 1040 639 1068 2
661 1058 708 1085 t»
732 1052 772 1086 et
791 1041 922 1105 paulo
944 1053 1043 1105 post
1063 1041 1196 1088 dicit:
1233 1042 1410 1088 «Multa
1427 1040 1572 1086 habeo
1588 1038 1717 1085 vobis
1752 1066 1756 1079 ·

337 1127 356 1146 υ
382 1105 525 1153 dicere
541 1146 551 1160 ,
579 1109 652 1155 sed
668 1129 755 1157 non
768 1112 945 1174 potestis
964 1112 1036 1158 illa
1047 1123 1221 1175 portare
1239 1111 1424 1158 modo3:
1441 1133 1460 1153 »
1481 1107 1716 1166 Quomodo
1752 1106 1758 1149 i

336 1193 435 1236 ergo
460 1178 645 1225 dixerat:
674 1182 867 1227 «Omnia
890 1199 990 1245 quae
1007 1182 1153 1229 audivi
1173 1201 1196 1228 a
1222 1184 1350 1227 Patre
1366 1198 1461 1227 meo
1477 1217 1488 1237 ,
1514 1189 1618 1225 nota
1633 1176 1720 1223 feci

339 1268 359 1287 >›
383 1250 530 1303 vobis,
561 1252 680 1297 »nisi
705 1252 806 1315 quia
848 1253 959 1298 illud
982 1253 1102 1316 quod
1148 1271 1226 1316 per
1266 1252 1481 1316 Spiritum
1519 1258 1720 1296 sanctum

340 1319 572 1365 certissime
594 1320 787 1367 facturus
811 1333 923 1378 erat,
955 1323 1078 1386 quasi
1093 1326 1183 1381 jam
1215 1321 1382 1367 fecisset
1399 1358 1411 1377 ‚
1435 1320 1609 1366 locutus
1626 1318 1717 1363 est?
1751 1348 1755 1390 3

343 1386 414 1432 Sic
435 1405 534 1448 ergo
560 1407 658 1436 cum
685 1391 908 1437 audimus:
932 1413 951 1431 «
969 1392 1059 1449 Qui
1086 1391 1225 1437 credit
1259 1391 1305 1436 in
1330 1390 1560 1436 Christum
1577 1425 1588 1444 ‚
1629 1403 1722 1433 non
1751 1403 1758 1435 Β

344 1478 364 1497 »
390 1459 532 1503 veniet
552 1461 598 1506 in
616 1461 859 1521 judicium,
905 1461 1221 1520 intelligamus,
1248 1461 1352 1524 quia
1381 1478 1470 1506 non
1491 1458 1633 1506 veniet
1665 1454 1723 1501 ad
1751 1451 1758 1533 f

342 1526 678 1576 damnationem.
712 1531 884 1575 Dicitur
915 1530 1030 1575 enim
1055 1529 1274 1589 judicium
1307 1547 1387 1592 pro
1413 1527 1719 1582 damnatione,
1752 1539 1758 1585 ἣ

343 1596 454 1642 sicut
477 1597 584 1644 dicit
599 1599 859 1663 Apostolus:
881 1621 901 1641 α
922 1599 1011 1655 Qui
1032 1616 1120 1644 non
1139 1598 1377 1644 manducat
1394 1636 1406 1656 ‚
1444 1597 1723 1644 manducan-
1750 1622 1758 1684 Ῐ

342 1689 362 1707 »
383 1677 469 1713 tem
493 1687 580 1715 non
598 1671 768 1729 judicet
790 1670 808 1699 ί*
831 1689 841 1715 :
871 1692 890 1712 >³
908 1670 953 1715 id
973 1681 1057 1726 est,
1084 1687 1174 1715 non
1191 1669 1244 1715 de
1267 1669 1342 1715 illo
1361 1669 1472 1715 male
1492 1667 1716 1714 existimet.
1750 1690 1757 1734 ξ

341 1737 397 1781 Et
417 1739 630 1785 Dominus
646 1740 779 1786 dicit:
808 1763 828 1783 ι(
849 1740 991 1786 Nolite
999 1739 1198 1800 judicare
1213 1777 1223 1795 ‚
1252 1757 1305 1785 ne
1326 1740 1550 1799 judicetur
1568 1737 1620 1783 de
1634 1753 1718 1782 vo-
1750 1736 1758 1795 ξ-

340 1829 359 1847 »
385 1807 453 1852 bis
473 1807 506 1855 5.
532 1811 668 1855 »Non
694 1811 809 1855 enim
835 1810 945 1856 tollit
962 1809 1089 1855 nobis
1108 1808 1440 1867 intelligentiam
1466 1804 1718 1869 judicandi,
1750 1800 1758 1883 ξ

346 1893 447 1922 cum
465 1889 507 1923 et
527 1880 749 1942 Propheta
764 1880 907 1925 dicat:
925 1901 944 1920 «
972 1879 1017 1923 Si
1033 1895 1132 1923 vere
1149 1878 1363 1938 justitiam
1383 1878 1586 1938 diligitis,
1609 1883 1727 1921 recta
1750 1887 1758 1939 ῥ,

345 1967 365 1986 >³
373 1949 587 2007 judicate,
605 1950 683 1995 filii
696 1951 925 1996 hominum
944 1951 976 1995 6.
999 1970 1019 1989 >>
1034 1949 1190 2010 Etipse
1205 1949 1420 1994 Dominus
1436 1948 1555 1993 dicat
1576 1965 1587 1992 :
1607 1967 1628 1987 α
1640 1946 1728 1990 No·
1750 1963 1758 1984 ›

346 2018 458 2064 »lite
493 2021 694 2078 judicare
738 2020 1039 2084 personaliter,
1068 2018 1140 2063 sed
1168 2022 1335 2078 justum
1355 2018 1576 2077 judicium
1599 2014 1723 2076 J'udi-
1750 2025 1756 2077 ξ

348 2109 367 2129 >>
383 2090 523 2136 cate7.
544 2111 564 2131 »
587 2090 671 2136 Sed
688 2091 763 2137 illo
784 2091 898 2143 loco,
913 2090 991 2135 ubi
1004 2099 1121 2134 vetat
1135 2089 1352 2148 judicare,
1375 2087 1486 2134 illud
1503 2088 1724 2144 admonet,
1749 2079 1754 2169 ἱ

346 2176 399 2204 ne
422 2160 676 2206 damnemus
700 2161 912 2224 aliquem,
931 2164 1057 2220 cujus
1089 2158 1158 2205 vel
1177 2159 1382 2218 cogitatio
1407 2159 1534 2204 nobis
1555 2176 1643 2204 non
1668 2167 1731 2204 est
1750 2176 1754 2218 g

348 2241 519 2293 aperta,
541 2230 609 2277 vel
631 2231 846 2276 nescimus
865 2230 1006 2294 qualis
1039 2240 1190 2293 postea
1214 2230 1267 2274 sit
1296 2229 1481 2275 futurus.
1532 2228 1604 2274 Sic
1628 2245 1728 2288 ergo
1749 2222 1754 2278 Ῑζ

349 2316 448 2345 cum
466 2300 573 2346 dixit
590 2319 599 2345 :
621 2301 689 2347 Ad
699 2300 917 2361 judicium
934 2317 1023 2345 non
1036 2300 1201 2346 veniet:
1224 2321 1244 2340 »
1262 2299 1350 2345 hoc
1365 2299 1470 2345 dixit
1489 2336 1499 2354 ‚
1517 2298 1620 2362 quia
1639 2315 1729 2344 non
1750 2316 1755 2341 ῑ

350 2371 491 2416 veniet
523 2371 579 2417 ad
617 2371 951 2418 damnationem.
983 2392 1004 2411 «
1032 2370 1119 2426 Qui
1145 2380 1287 2415 autem
1322 2386 1411 2414 non
1451 2368 1616 2426 credit,
1635 2367 1755 2438 jam}

355 2441 616 2501 »judicatus
638 2441 732 2487 est8
768 2459 778 2486 ε
805 2462 825 2483 ›>
851 2441 938 2486 hoc
973 2440 1107 2489 dixit,
1138 2441 1239 2503 quia
1275 2442 1367 2498 jam
1402 2438 1632 2485 damnatus
1666 2442 1753 2505 est}

355 2513 629 2573 praescientia
657 2511 760 2568 Dei,
789 2512 864 2575 qui
888 2511 1009 2557 novit
1035 2510 1145 2574 quid
1168 2509 1393 2555 immineat
1427 2526 1516 2555 non
1545 2508 1753 2554 creden-}

355 2582 484 2628 tibus.

1748 2558 1752 2590 l,

1748 2594 1752 2638 l

405 2662 414 2683 ¹
443 2664 540 2694 Joan.
568 2674 623 2699 111,
647 2665 698 2693 18.
718 2680 759 2685 -—
776 2659 858 2694 21d.
886 2672 939 2697 xv,
963 2662 1016 2693 15.
1042 2678 1084 2684 ·—
1113 2657 1127 2681 3
1157 2659 1205 2691 Id.
1226 2670 1292 2695 xvr,
1323 2670 1371 2689 ιε.
1403 2676 1447 2682 -
1466 2656 1480 2679 4
1498 2661 1591 2691 Rom,
1611 2668 1678 2695 xiv,
1697 2643 1753 2692 3.ἱ

358 2733 397 2738 -—
416 2713 429 2735 ’5
446 2715 563 2748 Manli.
586 2725 643 2752 vu,
670 2727 698 2747 ι.
715 2732 757 2737 -
772 2712 786 2735 6
809 2714 889 2747 Psal.
918 2724 1112 2754 Lv11‚2,--
1136 2710 1149 2731 ⁷
1169 2715 1260 2744 Joan.
1279 2723 1338 2751 ui,
1358 2722 1411 2748 42.
1428 2707 1501 2735 -8
1516 2709 1568 2743 ld.
1583 2721 1651 2751 xvi,
1671 2707 1751 2762 11.{
