1758 3246
320 263 406 312 188
735 278 770 307 s.
814 275 1054 306 Aucusrim
1090 276 1292 306 EPIScom

312 343 415 402 gelis
435 377 446 397 ,
474 341 560 386 sive
580 341 626 386 in
637 340 890 388 hominibus
909 352 997 387 tota
1021 342 1103 387 sibi
1124 342 1345 388 voluntate
1369 341 1680 398 servientibus,

311 422 466 456 caetera
489 427 588 456 vero
598 428 677 474 per
692 411 806 475 ipsos
822 412 1057 471 gubernat:
1075 411 1290 456 verissime
1304 411 1390 456 dici
1399 411 1544 473 potuit
1555 411 1684 456 etiam
1749 428 1752 472 g

311 503 332 522 »
355 480 466 526 illud
481 481 536 526 ab
553 482 758 544 Apostolo
781 500 790 526 :
810 504 830 523 «
850 483 947 527 Non
964 482 1077 526 enim
1092 481 1144 526 de
1156 482 1299 527 bobus
1314 498 1418 527 cura
1427 491 1489 525 est
1505 482 1596 525 Deo
1609 479 1642 526 1.
1664 501 1684 521 >³
1749 478 1751 529 f

309 553 363 596 ln
385 551 621 614 Scripturis
642 552 757 597 enim
781 552 938 597 sanctis
954 552 1068 596 Deus
1085 551 1282 596 homines
1301 551 1449 607 docet,
1466 549 1685 614 quomodo
1749 558 1753 593 3

307 638 410 667 cum
428 621 682 667 hominibus
696 633 840 682 agant,
861 633 902 667 et
919 622 1002 685 ipsi
1019 623 1110 666 Deo
1134 621 1319 666 serviant
1346 619 1592 685 :quomodo
1613 637 1686 666 au·
1750 611 1758 667 ἒι

311 703 395 738 tem
409 703 537 752 agant
551 709 651 737 cum
666 693 898 755 pecoribus
915 692 1018 749 suis,
1040 691 1123 754 ipsi
1137 691 1296 747 sciunt,
1312 690 1358 736 id
1371 702 1449 747 est,
1467 689 1686 753 quomodo
1750 693 1754 740 Ξ

312 763 491 808 salutem
504 779 712 825 pecorum
726 779 898 808 suorum
911 762 1154 821 gubernent
1164 777 1243 805 usu
1257 771 1298 806 et
1306 761 1460 824 peritia
1469 771 1511 806 et
1523 759 1688 805 ratione
1751 783 1754 787 Α

309 832 634 895 naturali3quae
648 832 824 895 quidem
842 832 987 877 omnia
1007 831 1060 876 de
1085 830 1248 890 magnis
1265 831 1330 875 sui
1356 829 1572 875 Creatoris
1596 828 1689 892 opi·
1750 841 1754 875 ’.

307 903 390 946 bus
410 912 683 964 acceperunt.
710 902 797 957 Qui
819 919 917 961 ergo
939 911 1080 964 potest
1093 899 1326 959 intelligere
1341 899 1561 963 quomodo
1584 898 1687 944 uni·
1750 889 1755 909 ²

307 989 442 1017 versae
460 982 670 1017 creaturae
697 971 898 1017 conditor
917 971 1031 1015 Deus
1055 970 1267 1030 gubernet
1298 986 1393 1015 eam
1427 986 1505 1033 per
1526 969 1688 1014 animas
1751 994 1754 1001 ·

307 1052 490 1097 sanctas,
509 1058 608 1104 quae
622 1041 857 1086 ministeria
873 1045 963 1100 ejus
976 1051 1076 1085 sunt
1094 1040 1139 1085 in
1155 1039 1279 1085 coelis
1289 1050 1331 1085 et
1346 1040 1392 1085 in
1418 1040 1540 1085 terris
1556 1059 1567 1092 ;
1585 1039 1690 1103 quia
1752 1067 1754 1071 ·

305 1122 345 1156 et
362 1112 469 1174 ipsae
489 1121 650 1156 sanctae
669 1111 824 1156 animae
853 1111 907 1155 ab
921 1110 1016 1173 ipso
1034 1110 1161 1155 factae
1188 1120 1288 1154 sunt
1302 1147 1312 1165 ‚
1336 1121 1378 1155 et
1395 1110 1441 1154 in
1462 1114 1553 1170 ejus
1572 1127 1689 1156 crea·
1753 1104 1755 1137 j

306 1193 403 1227 tura
419 1183 658 1246 primatum
685 1191 853 1226 tenent:
881 1181 959 1244 qui
981 1196 1081 1240 ergo
1100 1190 1244 1242 potest
1265 1180 1505 1240 intelligere
1520 1216 1532 1236 ,
1555 1179 1688 1225 intel-
1752 1239 1754 1242 ἱ

306 1251 435 1312 ligat,
457 1253 643 1297 etintret
663 1252 707 1297 in
729 1251 937 1310 gaudium
964 1250 1142 1295 Domini
1165 1250 1272 1296 sui2.

368 1324 422 1368 X.
453 1322 498 1367 Si
536 1333 679 1368 autem
703 1322 789 1367 hoc
824 1338 912 1365 non
949 1337 1205 1384 possumus,
1242 1320 1438 1383 quandiu
1461 1336 1608 1366 sumus
1644 1320 1690 1365 in

303 1410 485 1457 corpore
501 1430 512 1448 ‚
530 1403 572 1438 et
594 1391 923 1455 peregrinamur
942 1408 964 1434 a
990 1391 1178 1434 Domino
1192 1390 1208 1417 3
1228 1426 1238 1444 ‚
1287 1400 1505 1448 gustemus
1540 1389 1691 1435 saltem

301 1481 434 1528 quam
458 1463 599 1509 suavis
612 1472 674 1507 est
697 1461 905 1506 Dominus
923 1460 969 1514 43
991 1460 1092 1523 quia
1115 1460 1236 1505 dedit
1252 1460 1378 1505 nobis
1400 1461 1561 1523 pignus
1583 1460 1689 1523 Spi-

304 1535 437 1579 ritum
454 1570 465 1589 ‚
491 1533 537 1577 in
551 1549 638 1596 quo
663 1531 895 1576 sentiamus
916 1534 1008 1590 ejus
1032 1529 1310 1575 dulcedinem
1341 1530 1386 1574 5:
1414 1541 1455 1575 et
1479 1530 1691 1576 desidere-

302 1622 398 1650 mus
421 1605 565 1667 ipsum
581 1603 684 1649 vitae
709 1600 874 1646 fontem
892 1638 902 1656 ‚
930 1601 1009 1646 uhi
1032 1601 1176 1646 sobria
1201 1601 1408 1646 ebrietate
1422 1601 1689 1647 inundemur

305 1686 346 1720 et
367 1675 613 1734 irrigemur,
630 1673 741 1718 sicut
765 1671 933 1730 lignum
946 1671 1066 1735 quod
1086 1671 1336 1734 plantatum
1356 1682 1416 1716 est
1449 1671 1691 1717 secundum

306 1745 511 1790 decursus
548 1759 784 1806 aquarum,
817 1752 859 1786 et
886 1741 962 1786 dat
985 1741 1180 1786 fructum
1216 1742 1262 1787 in
1281 1753 1472 1804 tempore
1511 1757 1611 1798 suo,
1651 1751 1693 1787 et

304 1814 406 1860 folia
430 1819 520 1874 ejus
544 1831 631 1859 non
656 1812 859 1858 decident
876 1813 909 1858 ⁶.
950 1811 1071 1856 Dicit
1110 1812 1226 1856 enim
1265 1812 1452 1874 Spiritus
1488 1821 1688 1857 sanctus:

306 1905 327 1925 (ι
350 1884 447 1929 Filii
474 1894 617 1929 autem
640 1882 873 1928 hominum
895 1882 941 1926 in
970 1881 1154 1940 tegmine
1188 1880 1351 1926 alarum
1376 1892 1552 1926 tuarum
1590 1897 1692 1943 spe-

308 1974 328 1995 »
351 1953 514 1999 rabunt
538 1971 548 1997 ε
590 1952 929 1997 inebriabuntur
972 1951 1026 1996 ab
1071 1951 1267 1995 ubertate
1306 1950 1461 1996 domus
1497 1961 1608 2005 tuae,
1651 1960 1694 1996 et

307 2044 328 2065 »
356 2033 543 2068 torrente
560 2022 799 2085 voluptatis
823 2032 910 2066 tuae
939 2020 1115 2083 potabis
1150 2036 1234 2065 eos.
1271 2020 1488 2075 Quoniam
1514 2018 1633 2083 apud
1651 2029 1693 2064 te

307 2114 328 2134 ³>
347 2103 409 2137 est
428 2091 523 2137 fons
557 2092 664 2137 vitae
682 2091 716 2137 7.
744 2112 764 2132 ›>
807 2090 923 2135 Talis
951 2089 1134 2134 ebrietas
1168 2106 1256 2134 non
1289 2089 1443 2134 evertit
1466 2099 1656 2134 mentem
1677 2125 1689 2145 ,

307 2162 379 2207 sed
405 2173 547 2207 tamen
567 2161 684 2224 rapit
708 2177 877 2206 sursum
897 2196 908 2216 ‚
933 2169 974 2204 et
999 2158 1262 2204 oblivionem
1294 2170 1474 2222 praestat
1494 2158 1692 2204 omnium

301 2242 580 2277 terrenorum.
629 2229 714 2275 Sed
749 2230 782 2275 si
815 2245 1046 2293 possumus
1081 2239 1170 2274 toto
1204 2230 1360 2275 affectu
1389 2234 1483 2289 jam
1515 2228 1688 2274 dicere:

308 2323 328 2343 «
350 2299 733 2358 Quemadmodum
751 2299 964 2345 desiderat
984 2316 1133 2345 cervus
1151 2299 1203 2345 ad
1222 2298 1359 2345 fontes
1382 2315 1610 2363 aquarum,
1630 2298 1692 2344 ita

308 2394 327 2414 >³
353 2371 566 2417 desiderat
593 2371 735 2416 anima
758 2388 852 2415 mea
875 2370 930 2416 ad
953 2381 990 2415 te
1008 2407 1018 2426 ,
1047 2371 1162 2415 Deus
1188 2370 1222 2417 8.
1250 2391 1271 2412 »

358 2473 367 2493 ¹
391 2483 401 2502 ι
425 2473 497 2504 Cor.
518 2482 562 2509 xx,
579 2483 610 2512 9.
625 2488 670 2494 -—
686 2470 701 2492 2
715 2471 835 2504 Mauh.
856 2482 930 2508 xxv,
947 2482 965 2501 a
977 2482 1002 2502 1.
1017 2487 1061 2492 —-
1075 2468 1088 2491 3
1107 2481 1124 2500 2
1151 2471 1223 2501 Cor.
1240 2481 1272 2511 v,
1289 2471 1322 2500 6.
1337 2487 1383 2492 -
1399 2467 1415 2491 4
1427 2469 1639 2509 Ρ531.Χκιιιι,
1655 2461 1691 2509 9⁰

309 2543 352 2548 -
371 2523 384 2546 5
412 2536 429 2554 2
453 2526 527 2557 Cor,
556 2536 579 2562 1,
607 2535 660 2563 22,
681 2530 714 2556 εἰ
731 2535 760 2562 v,
783 2525 816 2557 5.
837 2542 880 2549 -
907 2521 921 2544 ¹3
945 2523 1026 2557 Psal.
1046 2535 1071 2561 ι,
1092 2525 1122 2556 3.
1139 2542 1182 2547 -—
1215 2521 1227 2544 7
1251 2522 1300 2555 111,
1323 2532 1418 2560 xxxv,
1434 2523 1528 2553 8-10.
1546 2534 1586 2541 -·
1603 2519 1618 2544 3
1635 2522 1685 2556 Id.

311 2589 381 2618 xm,
406 2588 438 2609 2.
