1758 3246
313 292 405 350 418
731 305 765 330 s.
810 301 1049 333 Aucus'riwl
1084 301 1286 333 Erlscom

315 385 458 417 carere
479 382 609 412 uxore
631 362 704 410 cui
727 365 907 424 junctus
930 373 991 408 est
1009 382 1020 415 3
1055 363 1178 425 prius
1197 381 1289 410 eam
1310 366 1527 412 moechari
1556 367 1685 413 faciat

312 440 401 484 sine
419 434 702 482 fornicatione
717 432 995 486 dimittend0‚
1017 441 1065 476 ut
1086 442 1188 478 tunc
1209 433 1343 478 ducat
1363 434 1539 480 alteram
1553 472 1564 491 ‚
1581 453 1684 482 cum

309 507 439 552 fuerit
462 505 535 550 illa
561 502 738 549 moecha
766 500 998 545 nubendo:
1018 517 1066 545 ac
1092 501 1151 545 sic
1175 519 1197 546 a
1219 502 1363 563 priore
1388 514 1569 566 peccato
1592 521 1681 568 quo

308 588 403 622 eam
428 573 644 621 moechari
673 571 801 624 fecit,
827 572 914 616 sive
936 587 1015 633 per
1048 571 1317 633 baptismum
1335 608 1346 626 ‚
1373 574 1460 619 sive
1483 590 1562 637 per
1589 591 1684 637 poe-

305 646 534 692 nitentiam
552 644 762 690 liberatus
779 677 791 696 ‚
807 640 895 686 sine
917 657 994 686 suo
1009 639 1222 685 adulterio
1245 642 1329 687 sibi
1348 643 1511 688 habere
1538 644 1685 689 videa-

301 726 392 766 tur,
413 731 544 778 quam
571 722 671 776 post
693 710 850 774 prioris
882 709 1143 755 adulterium
1169 720 1377 773 tanquam
1403 712 1509 758 hinc
1541 712 1684 758 soluto

304 783 568 830 matrimonii
609 779 803 834 vinculo,
833 778 1010 824 alteram
1050 778 1232 826 duxerit.
1264 779 1395 836 Quod
1435 781 1614 844 quidem
1652 781 1686 826 si

301 854 432 900 fuerit
454 851 728 897 machinatus
748 884 759 904 ,
794 858 835 893 et
861 864 1037 892 uxorem
1061 864 1185 894 suani
1219 849 1441 894 moecham
1464 850 1594 895 faciet
1610 887 1622 906 ‚
1643 860 1687 895 et

302 924 394 987 ipse
418 920 616 985 quamvis
653 927 750 982 post
786 917 1047 962 adulterium
1087 919 1282 978 conjugis
1315 919 1443 964 aliam
1477 919 1686 965 ducendo

301 991 505 1038 moechus
522 989 629 1042 erit3
657 987 853 1050 nihilque
871 986 935 1032 illi
951 986 1149 1050 proderit
1166 988 1285 1050 quod
1302 988 1384 1033 tibi
1407 988 1597 1034 credidit
1613 1025 1625 1046 ‚
1646 1000 1689 1036 et

300 1078 390 1107 non
405 1061 445 1106 ei
464 1061 609 1123 potius
631 1058 711 1120 qui
728 1057 850 1102 nullo
865 1067 1043 1119 excepto
1063 1058 1124 1102 ait
1143 1074 1152 1101 :
1181 1078 1202 1098 «
1218 1058 1375 1103 Omnis
1392 1058 1470 1121 qui
1487 1058 1686 1121 relique-

307 1153 330 1174 »
351 1133 410 1177 rit
439 1145 613 1177 uxorem
639 1145 759 1174 suam
778 1162 789 1183 ‚
811 1137 853 1172 et
874 1126 1002 1172 aliam
1019 1127 1205 1182 duxerit,
1234 1128 1485 1173 moechatur
1504 1127 1537 1175 1.
1567 1150 1587 1170 »

371 1201 493 1247 ΧῙΧ,
538 1199 712 1255 Quibus
753 1197 958 1241 omnibus
995 1197 1275 1243 consideratis
1310 1207 1438 1260 atque
1467 1198 1685 1256 tractatis,-

299 1281 430 1318 restat
460 1281 506 1315 ut
520 1269 577 1314 ab
601 1267 659 1313 eis
680 1267 757 1330 qui
782 1267 881 1311 haec
906 1264 1090 1311 fideliter
1114 1266 1322 1321 audiunt,
1354 1268 1526 1312 dicatur
1557 1268 1688 1314 nobis

299 1342 420 1405 quod
440 1340 630 1386 Domino
655 1338 828 1383 dictum
842 1346 904 1381 est
928 1354 939 1380 :
968 1357 987 1376 «
1009 1336 1055 1381 Si
1078 1336 1170 1380 talis
1187 1347 1250 1381 est
1268 1353 1396 1381 causa
1415 1354 1513 1382 cum
1529 1354 1653 1383 uxore
1673 1374 1685 1395 ,

302 1433 324 1454 >2
344 1428 431 1457 non
446 1409 620 1473 expedit
636 1408 815 1452 nubere.
834 1427 854 1447 »
875 1406 1049 1461 Quibus
1066 1416 1107 1450 et
1119 1422 1194 1450 nos
1205 1405 1313 1467 quid
1323 1407 1675 1468 respondeamus,

305 1482 388 1527 nisi
419 1479 540 1544 quod
559 1479 649 1541 ipse
671 1475 922 1539 respondit?
956 1496 975 1515 α
1001 1477 1100 1520 Non
1123 1492 1269 1520 omnes
1292 1477 1476 1538 capiunt
1499 1477 1685 1523 verbum

305 1573 327 1594 »2
352 1552 458 1606 hoc,
484 1548 559 1595 sed
581 1547 745 1611 quibus
768 1544 918 1590 datum
936 1555 1011 1591 est.
1039 1546 1151 1590 Sunt
1176 1546 1293 1590 enim
1316 1546 1511 1591 eunuchi
1533 1547 1612 1610 qui
1636 1546 1690 1592 de

305 1638 328 1665 γ»
347 1621 496 1668 matris
510 1629 632 1665 utero
652 1617 711 1662 sic
731 1616 823 1661 nati
840 1625 961 1671 sunt,
983 1625 1023 1660 et
1043 1625 1144 1660 sunt
1160 1616 1353 1661 eunuchi
1367 1617 1445 1680 qui
1462 1617 1566 1662 facti
1586 1627 1687 1662 sunt

305 1715 327 1735 ‚2
353 1692 409 1737 ab
427 1688 681 1736 hominibus
699 1721 710 1737 ,
739 1695 782 1731 et
804 1695 906 1730 sunt
937 1685 1128 1731 eunuchi
1150 1686 1224 1748 qni
1252 1702 1293 1730 se
1326 1686 1442 1748 ipsos
1464 1696 1684 1732 castrave-

305 1785 326 1805 »
346 1771 451 1808 runt
466 1768 647 1824 propter
669 1772 851 1816 regnum
877 1755 1107 1801 coelorum.
1137 1755 1224 1811 Qui
1248 1765 1389 1818 potest
1407 1772 1585 1818 capere,
1607 1772 1685 1801 ca—

307 1854 330 1875 »
354 1834 450 1899 piat
467 1831 501 1877 2.
530 1850 551 1871 »
575 1829 689 1888 Ergo
709 1826 786 1889 qui
810 1836 950 1890 potest
977 1825 1143 1888 capiat,
1171 1825 1290 1888 quod
1315 1842 1402 1870 non
1441 1841 1591 1871 omnes
1611 1843 1690 1872 ca-

309 1911 454 1974 piunt.
482 1908 668 1952 Possunt
687 1913 829 1949 autem
854 1917 1009 1963 capere
1029 1900 1076 1945 hi
1095 1901 1257 1962 quibus
1295 1899 1381 1946 hoc
1406 1914 1584 1964 praestat
1612 1900 1691 1948 Dei
1752 1917 1756 1940 ε

312 1975 607 2026 misericordia
624 1972 815 2027 occulta,
838 1970 912 2016 sed
940 1973 1071 2030 justa.
1101 1970 1184 2015 Sed
1215 1970 1262 2014 in
1292 1970 1361 2015 his
1391 1973 1594 2018 omnibus
1614 1973 1693 2036 qui
1752 1971 1756 2024 ξ’

315 2067 358 2097 se
379 2051 495 2112 ipsos
515 2052 810 2092 castraverunt
837 2050 1017 2104 propter
1038 2056 1218 2099 regnum
1236 2040 1448 2087 coelorum
1464 2078 1475 2098 ,
1500 2042 1572 2087 alii
1594 2053 1694 2088 sunt

320 2121 397 2185 qui
419 2120 463 2165 in
489 2125 674 2177 utroque
687 2128 784 2158 sexu
799 2110 1084 2156 concubitum
1106 2110 1322 2163 nesciunt,
1343 2111 1415 2156 alii
1439 2111 1515 2174 qui
1533 2113 1695 2175 experti
1750 2118 1753 2163 ξ

317 2198 360 2242 et
381 2188 517 2237 aversi
536 2195 652 2239 sunt,
670 2183 830 2247 partim
851 2180 1029 2243 quidem
1060 2179 1208 2225 illicite
1224 2217 1234 2235 ,
1272 2182 1433 2244 partim
1456 2198 1556 2227 vero
1579 2181 1696 2228 licite
1748 2171 1753 2246 J

322 2261 500 2330 experti,
528 2258 666 2302 Porro
688 2254 734 2298 in
753 2252 820 2296 his
841 2252 916 2314 qui
932 2250 1048 2295 licite
1068 2251 1228 2312 experti
1255 2261 1371 2307 sunt,
1397 2251 1577 2313 quidam
1595 2263 1695 2298 sunt

324 2337 402 2402 qui
423 2346 512 2379 non
536 2325 618 2373 nisi
632 2323 769 2377 licite,
793 2320 970 2384 quidam
985 2330 1026 2364 et
1043 2319 1190 2365 illicite
1201 2320 1382 2368 etlicite.
1406 2323 1696 2386 Suntquippe
1748 2365 1750 2385 Γ

322 2411 370 2456 in
405 2404 462 2451 eis
494 2398 572 2464 qui
591 2392 795 2455 conjugia
811 2407 886 2436 sua
903 2401 1070 2435 tantum
1093 2390 1257 2443 sciunt3
1285 2402 1387 2436 sunt
1407 2402 1547 2437 autem
1560 2394 1638 2456 qui
1654 2406 1696 2441 et

327 2476 430 2525 alias
447 2469 650 2519 foeminas
669 2475 717 2510 ac
735 2473 885 2524 stupra
906 2459 1127 2523 quaelibet.
1159 2459 1242 2504 Sed
1266 2461 1341 2522 qui
1360 2472 1459 2523 post
1480 2464 1696 2510 concubi-

323 2552 419 2595 tuni
434 2543 670 2599 conjugum
687 2532 852 2595 seipsos
867 2539 1057 2574 castrant
1071 2539 1250 2592 propter
1264 2546 1445 2590 regnum
1458 2531 1691 2592 caelorum,
1742 2567 1758 2606 ·;¹

378 2630 388 2651 Ι
410 2629 485 2658 Luc.
504 2632 569 2658 ui,
589 2619 642 2649 18.
657 2613 728 2641 —-²
742 2613 856 2645 Matth.
876 2622 944 2650 xxx,
965 2621 1074 2642 10-12.
1742 2611 1758 2618 ‘⁴
