1758 3246
307 296 400 351 :²453ss
727 308 761 337 5.
808 306 1047 338 Athtsrtxi
1088 305 1281 339 {avisco-3³1

304 384 446 438 potest
467 372 630 418 nullam
654 389 739 418 esse
765 373 1024 437 pudicitiam
1057 375 1248 437 corporis
1270 412 1280 430 ‚
1328 375 1407 420 11151
1427 376 1482 421 ab
1504 372 1674 437 integri-

304 456 389 490 tate
402 442 532 489 animi
548 443 733 505 pendeat
747 463 758 496 ;
774 461 859 507 qua
876 444 1073 506 disrupta
1084 444 1209 489 cadat
1227 461 1392 489 11666556
1408 456 1469 490 est
1483 483 1492 500 ,
1512 446 1677 492 etiamsi

302 515 466 560 intacta
488 513 713 567 videatur3
738 525 780 559 et
808 514 904 558 ideo
927 514 1075 559 nonin
1096 515 1224 559 rebus
1258 515 1566 578 temporalibus
1593 533 1678 562 esse

302 583 618 629 numerandam
638 620 649 639 ,
680 583 803 645 quasi
839 599 937 645 quae
973 583 1120 627 invitis
1157 585 1294 645 possit
1332 584 1501 631 auferri.
1547 585 1678 630 Nullo

302 652 434 698 modo
459 652 591 712 igitur
612 653 779 697 animus
808 669 849 696 se
874 652 1100 697 mendacio
1120 654 1363 716 corrumpit
1393 671 1474 716 pro
1500 671 1681 717 corpore

301 740 380 768 suo
402 760 413 778 ‚
438 722 560 786 quod
592 722 672 767 scit
709 738 880 766 manere
911 722 1213 783 incorruptum
1231 759 1241 777 ‚
1280 723 1313 767 si
1338 723 1393 767 ab
1418 724 1512 786 ipso
1539 723 1681 768 animo

301 791 577 854 incorruptio
598 807 686 836 non
709 790 897 836 recedat.
930 789 1059 846 Quod
1086 791 1200 835 enim
1222 791 1429 837 violenter
1453 809 1541 837 non
1562 808 1684 855 prae-

304 860 480 906 cedente
511 859 694 905 libidine
733 860 899 922 patitur
935 875 1094 921 corpus
1116 897 1126 911 ,
1171 862 1335 905 vexatio
1368 861 1516 923 potius
1552 877 1685 924 quam

302 929 528 993 corruptio
549 929 816 974 nominanda
833 939 907 974 est.
941 930 1028 973 Aut
1051 929 1085 973 si
1108 930 1247 974 omnis
1273 931 1435 975 vexatio
1460 930 1685 992 corruptio

302 1010 364 1045 est
379 1036 390 1055 ,
409 1016 498 1044 11011
519 998 658 1044 omnis
677 998 900 1060 corruptio
923 997 1061 1060 turpis
1077 1008 1162 1051 est3
1179 997 1250 1043 sed
1278 1015 1409 1061 quam
1429 999 1568 1044 libido
1588 1015 1687 1062 pro-

303 1069 542 1123 curaverit,
563 1077 639 1113 aut
652 1068 724 1113 cui
750 1067 890 1112 libido
906 1068 1178 1114 consenserit.
1206 1068 1384 1123 Quanto
1400 1078 1540 1113 autem
1557 1085 1689 1131 praes-

303 1140 465 1185 tantior
481 1149 543 1184 est
564 1139 731 1184 animus
750 1155 949 1201 corpore,
970 1149 1091 1183 tanto
1111 1138 1354 1183 sceleratius
1372 1140 1682 1218 corrumpitur.

306 1211 376 1255 lbi
390 1227 491 1269 eigo
506 1227 599 1254 serv
603 1210 664 1254 ari
684 1219 826 1285 potest
844 1208 1090 1271 pudicitia,
1116 1209 1193 1253 ubi
1212 1209 1329 1253 nulla
1349 1210 1472 1255 111511
1476 1209 1690 1254 oluntaria

306 1291 449 1343 potest
473 1297 559 1324 6556
581 1278 821 1341 corruptio,
855 1284 979 1323 Certe
1003 1278 1169 1323 enimsi
1191 1289 1413 1340 stuprator
1437 1294 1596 1340 corpus
1618 1278 1691 1322 111-

309 1350 487 1404 vaserit,
514 1349 591 1411 qui
614 1365 692 1393 nec
720 1348 763 1392 xi
781 1347 997 1392 contraria
1014 1348 1170 1410 possit,
1198 1364 1277 1391 nec
1301 1347 1390 1392 ulto
1411 1348 1590 1392 consilio
1625 1346 1692 1391 vel

308 1417 538 1464 mendacio
567 1417 780 1472 (Imitari,
805 1433 982 1461 11666556
1001 1426 1063 1460 est
1101 1416 1331 1463 fateamm.
1355 1416 1489 1461 aliena
1511 1417 1694 1461 libidine

308 1487 571 1552 pudicitiam
591 1504 679 1532 non
699 1503 822 1549 posse
841 1485 1006 1531 violari.
1037 1486 1318 1548 Quapropter
1340 1486 1546 1549 quoniam
1569 1502 1695 1531 nemo

312 1558 488 1604 dubitat
499 1556 715 1602 meliorem
729 1573 815 1601 esse
830 1556 1024 1601 animum
1041 1573 1115 1600 cor
1118 1573 1239 1618 pore,
1255 1557 1488 1615 integritati
1503 1557 1698 1620 corporis

313 1627 536 1687 integritas
561 1627 693 1671 animi
716 1625 1016 1689 praeponenda
1041 1635 1133 1681 est,
1169 1643 1268 1688 quae
1295 1627 1341 1671 in
1373 1636 1582 1671 aeternum
1606 1643 1698 1671 ser-

317 1701 409 1743 vari
444 1707 600 1760 potest.
642 1697 750 1752 Quis
780 1707 922 1741 autem
962 1695 1114 1741 dixerit
1153 1697 1370 1755 integrum
1397 1697 1588 1742 animum
1613 1713 1700 1741 esse

318 1766 598 1813 mentientis?
624 1767 795 1811 Etenim
821 1765 961 1810 libido
983 1781 1158 1827 quoque
1191 1766 1283 1828 ipsa
1305 1776 1418 1810 recte
1457 1765 1664 1810 definitur
1685 1802 1696 1820 ‚

320 1837 554 1900 Appetitus
586 1835 719 1880 animi
745 1852 833 1897 quo
858 1835 1029 1879 aeternis
1059 1835 1188 1878 bonis
1218 1835 1427 1896 quaelibet
1448 1833 1702 1897 temporalia

322 1915 658 1970 praeponuntur.
687 1906 823 1950 Nemo
844 1905 990 1967 itaque
1013 1914 1156 1967 potest
1184 1905 1441 1949 convincere
1466 1903 1703 1966 aliquando

322 1993 408 2021 6556
448 1974 748 2020 mentiendum
770 2011 781 2030 ,
810 1974 892 2018 11151
916 1974 992 2036 qui
1018 1973 1211 2036 potuerit
1244 1972 1465 2018 ostendere
1495 1984 1704 2018 aeternum

325 2046 505 2108 aliquod
526 2046 694 2091 bonum
712 2045 899 2091 obtineri
917 2061 1041 2107 posse
1061 2044 1304 2090 mendacio.
1337 2043 1421 2089 Sed
1453 2060 1554 2089 cum
1584 2054 1705 2089 tanto

323 2117 506 2181 quisque
525 2117 579 2161 ab
598 2117 836 2162 aeternitate
853 2115 1065 2171 discedat,
1084 2126 1245 2178 quanto
1261 2132 1282 2160 a
1296 2115 1473 2160 veritate
1494 2113 1704 2167 discedit;

327 2185 686 2232 absurdissimum
707 2196 768 2231 est
789 2185 958 2241 dicere,
983 2184 1245 2230 discedendo
1269 2183 1369 2229 inde
1389 2201 1513 2247 posse
1531 2183 1585 2229 ad
1602 2183 1708 2228 boni

331 2255 496 2319 aliquid
530 2256 717 2319 aliquem
746 2255 980 2319 pervenire.
1034 2257 1121 2300 Aut
1155 2255 1189 2299 si
1228 2264 1289 2298 est
1330 2253 1508 2317 aliquod
1543 2254 1708 2299 bonum

333 2337 543 2372 oeternum
558 2326 678 2389 quod
696 2343 783 2372 non
797 2324 1115 2388 complectatur
1128 2324 1302 2370 veritas.
1327 2340 1414 2368 11011
1432 2324 1512 2368 erit
1529 2339 1704 2368 verum:

334 2407 376 2442 et
398 2395 495 2442 ideo
518 2413 596 2442 nec
619 2397 786 2441 bonum
805 2396 910 2451 erit,
941 2396 1043 2458 quia
1062 2395 1217 2439 falsum
1239 2394 1333 2439 erit.
1365 2394 1423 2438 Ut
1447 2403 1588 2438 autem
1621 2392 1710 2438 ani-

331 2483 428 2513 mus
446 2466 646 2530 corpori,
684 2467 744 2513 ita
778 2466 907 2511 etiam
931 2465 1086 2511 veritas
1121 2464 1204 2527 ipsi
1230 2462 1374 2507 animo
1412 2461 1712 2526 praeponenda

332 2547 424 2590 est3
463 2547 511 2582 ut
535 2554 630 2582 eam
651 2554 741 2583 non
763 2535 901 2582 solum
927 2535 1061 2594 magis
1097 2550 1228 2597 quam
1269 2549 1454 2597 corpus,
1482 2532 1556 2579 sed
1579 2532 1712 2578 etiam

333 2607 470 2668 magis
491 2624 625 2670 quam
648 2625 690 2655 se
713 2608 855 2672 ipsum
875 2616 1056 2670 appetat
1079 2604 1258 2651 animus.
1277 2604 1343 2650 lta
1364 2602 1530 2667 quippe
1555 2602 1636 2650 erit
1647 2602 1712 2648 in-
