1758 3246
284 287 378 342 214
699 303 733 333 s.
775 301 1021 332 mensum
1056 302 1258 333 EPISCOPI

350 364 402 412 V.
445 365 508 411 Ac
528 382 607 429 per
621 366 709 413 hoc
727 366 801 412 illa
823 383 922 430 quae
939 365 1199 426 genitalibus
1218 369 1425 414 membris
1441 367 1658 431 pudicitia

283 435 507 482 refrenatis
522 474 534 494 ,
560 437 667 483 solet
683 437 866 483 maxime
884 453 933 482 ac
947 436 1124 499 proprie
1140 438 1406 484 continentia
1423 438 1655 493 nominari,

281 507 403 554 nulla
421 510 754 569 transgressione
779 508 966 555 violatur
981 544 992 562 ‚
1016 507 1050 552 si
1070 509 1265 570 superior
1284 509 1550 555 continentia
1567 546 1578 565 ‚
1606 508 1660 554 de

283 594 368 640 qua
387 582 482 638 jam
500 578 578 625 diu
594 579 836 641 loquimur,
856 578 903 623 in
923 576 1053 622 corde
1079 589 1283 625 servetur.
1310 580 1547 642 Propterea
1565 579 1660 624 Do—

283 648 428 695 minus
451 666 553 696 cum
576 649 745 694 dixisset
767 667 778 694 :
803 670 824 690 «
845 650 910 693 De
933 646 1062 693 corde
1077 648 1190 692 enim
1212 659 1364 694 exeunt
1385 649 1663 708 cogitationes

286 739 307 760 »
324 719 479 765 malae1
499 737 510 765 ε
533 741 553 761 »
589 719 744 765 deinde
768 718 877 782 quid
908 717 1124 780 pertineat
1148 717 1202 762 ad
1227 719 1507 778 cogitationes
1530 717 1664 764 malas

285 800 456 835 secutus
486 790 682 849 adjunxit
704 807 714 834 :
745 811 766 832 «
787 787 1039 835 Homicidia
1055 823 1066 842 ‚
1105 787 1316 833 adulteria
1336 825 1347 843 ,
1367 810 1388 830 >³
1417 800 1459 834 et
1487 798 1657 834 caetera.

286 860 376 905 'Nec
402 860 510 905 dixit
535 861 705 913 omnia3
739 859 813 906 sed
846 857 1114 922 quibusdam
1151 858 1334 921 exempli
1358 860 1497 918 gratia
1519 859 1666 904 nomi-

284 930 396 975 natis
418 941 460 976 et
484 931 566 977 alia
588 929 868 989 intelligenda
902 927 1188 974 commonuit.
1233 929 1436 984 Quorum
1465 928 1579 974 nihil
1606 938 1668 973 est

285 999 406 1062 quod
424 1001 519 1046 fieri
536 1000 671 1064 possit
689 1037 699 1055 ‚
723 1000 757 1044 si
776 998 892 1043 mala
917 997 1122 1056 cogitatio
1148 1014 1239 1042 non
1260 998 1550 1060 praecesserit,
1582 1013 1670 1060 qua

285 1069 404 1116 intus
422 1071 686 1125 instituitur,
708 1069 830 1133 quod
850 1068 954 1114 foris
975 1069 1141 1128 agitur;
1167 1078 1209 1113 et
1228 1084 1278 1113 ex
1301 1085 1373 1113 ore
1396 1067 1538 1113 cordis
1560 1083 1670 1130 pro-

288 1139 444 1186 cedens
460 1177 473 1197 ,
496 1145 588 1201 jam
613 1140 869 1203 coinquinat
898 1138 1149 1193 hominem,
1178 1138 1346 1183 etiamsi
1376 1138 1499 1183 nulla
1527 1136 1671 1182 facul-

287 1220 375 1257 tate
393 1212 602 1275 permissa
619 1211 726 1257 foris
745 1227 824 1274 per
839 1209 1038 1254 membra
1065 1208 1260 1271 corporis
1284 1225 1374 1253 non
1400 1218 1566 1267 agatur.
1594 1210 1674 1252 Po-

290 1281 371 1327 sito
399 1282 531 1342 igitur
566 1282 675 1328 ostio
706 1280 987 1327 continentiae
1004 1280 1051 1324 in
1082 1296 1154 1324 ore
1178 1278 1346 1335 cordis,
1379 1278 1495 1323 unde
1514 1287 1675 1323 cuncta

291 1362 446 1398 exeunt
464 1369 565 1415 quae
592 1352 879 1415 coinquinant
910 1350 1156 1397 hominem.
1190 1349 1224 1393 si
1247 1348 1310 1393 nil
1335 1348 1417 1393 tale
1444 1347 1545 1392 inde
1569 1364 1675 1410 per-

292 1423 493 1469 mittatur
509 1422 643 1478 exire,
666 1421 860 1483 sequitur
878 1418 1094 1464 munditia
1116 1435 1204 1480 qua
1223 1417 1359 1480 possit
1378 1421 1473 1476 jam
1493 1415 1678 1476 gaudere

291 1491 582 1544 conscientia3
606 1491 804 1553 quamvis
822 1488 1018 1534 nondum
1039 1488 1092 1532 sit
1116 1487 1191 1532 illa
1215 1487 1449 1550 perfectio,
1477 1487 1556 1532 ubi
1591 1503 1679 1532 non

293 1562 536 1609 luctabitur
560 1577 663 1607 curn
691 1560 798 1606 vitio
830 1557 1113 1605 continentia.
1160 1559 1290 1602 Nunc
1316 1568 1460 1602 autem
1483 1555 1681 1619 quandiu

295 1632 568 1695 concupiscit
591 1648 691 1677 caro
713 1630 922 1675 adversus
953 1628 1158 1691 spiritum
1174 1664 1185 1683 ‚
1217 1638 1259 1672 et
1281 1626 1461 1690 spiritus
1479 1626 1681 1672 adversus

297 1702 500 1750 carnem2
519 1739 530 1758 ,
554 1712 618 1747 sat
648 1711 712 1747 est
738 1700 867 1745 nobis
891 1716 980 1744 non
1011 1698 1254 1743 consentire
1285 1697 1409 1742 malis
1426 1712 1528 1760 quae
1546 1696 1682 1742 senti-

296 1791 392 1820 mus
407 1774 454 1818 in
475 1773 617 1818 nobis.
655 1772 770 1817 Cum
795 1781 940 1815 autem
961 1770 1012 1814 fit
1034 1768 1116 1813 ista
1140 1768 1361 1813 censensio
1375 1804 1386 1823 ,
1408 1778 1515 1812 tunc
1533 1767 1618 1812 exit
1635 1783 1684 1812 ex

297 1861 369 1890 ore
389 1841 670 1906 cordis-quod
689 1841 946 1904 coinquinat
964 1839 1204 1885 hominem.
1227 1838 1341 1884 Cum
1359 1854 1464 1884 vero
1482 1854 1563 1900 per
1581 1854 1685 1883 con-

294 1914 523 1961 tinentiam
546 1913 771 1959 consensio
793 1929 881 1957 non
902 1921 1073 1956 tenetur
1091 1947 1101 1965 ‚
1126 1909 1294 1954 malum
1313 1907 1685 1972 concupiscentiae

299 1982 484 2031 carnalis
501 2019 512 2038 ‚
538 1993 691 2027 contra
721 1981 840 2045 quod
872 1990 1040 2044 pugnat
1070 1979 1429 2042 concupiscentia
1453 1977 1682 2040 spiritalis,

301 2069 456 2100 nocere
476 2069 565 2097 non
584 2062 755 2097 Slnltur.

369 2123 445 2170 VI.
487 2121 575 2167 Sed
618 2120 736 2167 aliud
773 2130 837 2164 est
874 2119 986 2164 bene
1019 2135 1213 2182 pugnare
1232 2156 1242 2175 ‚
1282 2118 1403 2181 quod
1441 2133 1559 2164 nunc
1594 2127 1658 2163 est
1672 2154 1683 2173 ‚

302 2191 479 2257 quando
503 2190 656 2236 mortis
677 2189 945 2235 contentioni
974 2189 1211 2241 resistitur3
1244 2187 1365 2232 aliud
1391 2187 1689 2234 adversarium

304 2281 395 2310 non
413 2262 578 2309 habere
593 2298 604 2317 ‚
626 2260 748 2324 quod
766 2270 873 2305 tunc
892 2259 975 2304 erit
992 2297 1003 2315 ‚
1028 2258 1205 2322 quando
1220 2275 1337 2303 mors
1356 2258 1589 2304 novissima
1609 2256 1690 2302 ini-

305 2334 420 2380 mica
459 2330 746 2378 destruetur3.
785 2332 898 2376 Nam
927 2341 968 2374 et
998 2330 1094 2393 ipsa
1130 2329 1395 2375 continentia
1425 2345 1528 2374 cum
1551 2327 1691 2374 frenat

306 2404 573 2466 cohibetque
604 2400 810 2447 libidines
826 2438 837 2457 ‚
870 2400 999 2446 simul
1026 2411 1068 2445 et
1094 2401 1263 2464 appetit
1292 2399 1462 2444 bonum
1483 2398 1538 2443 ad
1563 2401 1690 2457 cujus

304 2473 675 2522 immortalitatem
694 2472 914 2518 tendimus
927 2509 936 2527 ‚
971 2482 1014 2516 et
1033 2471 1201 2534 respuit
1222 2469 1388 2516 malum
1409 2485 1513 2514 cum
1538 2468 1692 2532 quoin

303 2547 388 2593 hac
420 2544 683 2591 mortalitate
715 2541 1035 2589 contendimus.
1083 2540 1206 2586 lllius
1241 2539 1408 2603 quippe
1440 2537 1624 2585 amatrix
1648 2547 1691 2583 et

355 2625 501 2659 ¹Matth.
516 2636 568 2666 xv,
593 2637 645 2667 19·
659 2641 708 2651 —
724 2623 741 2647 ²
757 2625 863 2658 Galat.
879 2636 909 2663 v,
931 2636 986 2664 17.
1000 2640 1045 2648 —
1058 2620 1073 2646 3
1094 2634 1108 2654 1
1129 2624 1203 2654 Cor.
1222 2633 1277 2665 xv,
1295 2622 1336 2652 26
1350 2626 1382 2653 et
1402 2621 1455 2652 55.
