1758 3246
309 330 402 379 556
725 353 760 385 s.
804 354 1045 386 Atreus‘rim
1079 355 1282 387 EPISCOPI

306 425 447 462 torum
470 419 703 465 necessaria
726 432 1047 484 procurarunt,
1081 438 1135 467 ne
1167 422 1328 468 deesset
1358 422 1401 468 in
1433 434 1670 487 posterum,

306 496 354 532 ut
365 486 635 535 beatissimus
650 490 810 538 Paulus
830 492 884 538 ad
905 492 1156 537 Corinthios
1174 493 1216 538 in
1233 493 1425 556 Epistola
1440 496 1670 541 scriberet:

306 577 325 596 «
354 557 415 602 De
446 557 635 606 collectis
659 572 800 607 autem
823 563 868 608 in
893 572 1086 618 sanctos,
1114 563 1226 608 sicut
1248 564 1444 610 ordinavi
1477 566 1677 611 Ecclesiis

307 647 327 668 ›>
352 627 552 685 Galatiae‚
574 630 631 676 ita
645 641 686 676 et
699 648 774 677 vos
792 631 947 678 facite:
967 631 1205 677 secundum
1220 649 1347 678 unam
1365 634 1534 679 sabbati
1549 651 1678 680 unus-

309 717 330 738 »
353 697 534 762 quisque
556 711 745 746 vestrum
774 703 893 766 apud
923 720 964 748 se
988 713 1141 766 ponat,
1174 703 1465 760 thesaurizans
1494 705 1613 769 quod
1640 705 1680 751 ei

310 788 330 808 ³>
355 768 595 831 placuerit;
635 783 682 817 ut
718 790 806 818 non
834 791 936 819 cum
966 790 1121 819 venero
1136 811 1147 830 ,
1183 784 1287 820 tunc
1324 775 1517 821 collectae
1554 777 1672 823 fiant.

310 859 330 880 »
355 840 468 885 Cum
509 852 650 887 autem
681 843 892 890 advenero
910 882 921 901 ‚
955 862 1251 910 quoscumque
1282 846 1569 909 probaveritis
1603 864 1682 910 per

312 930 332 951 υ
360 910 588 972 EpistolaS,
619 913 698 960 hos
725 915 893 960 mittam
917 915 1103 979 perferre
1127 916 1306 976 gratiam
1329 928 1515 963 vestram
1543 917 1588 962 in
1613 919 1682 963 Je-

313 999 333 1020 ›>
358 980 554 1028 rusalem.
583 983 713 1040 Quod
738 986 771 1030 si
797 986 977 1045 dignum
1001 985 1131 1032 fuerit
1155 997 1202 1032 ut
1223 997 1264 1032 et
1283 1004 1359 1046 ego
1378 1004 1490 1042 eam,
1512 1005 1681 1034 mecum

313 1071 334 1091 >2
357 1050 529 1098 ibuntst.
564 1074 584 1095 ›>
611 1055 717 1100 Haec
738 1067 779 1100 et
804 1056 885 1102 alia
914 1057 1051 1102 multa
1083 1057 1376 1121 copiosissime
1403 1068 1443 1103 et
1469 1059 1682 1104 verissime

313 1121 554 1183 proferunt.
595 1125 769 1181 Quibus
797 1128 1116 1190 repondemus:
1137 1128 1300 1174 Videtis
1330 1145 1429 1188 ergo
1448 1165 1458 1180 ,
1488 1129 1686 1191 quamvis

316 1191 527 1239 Dominus
549 1195 700 1242 dixerit
722 1215 732 1242 ε
755 1219 775 1239 «
796 1198 939 1243 Nolite
963 1199 1150 1258 cogitare
1173 1198 1217 1244 in
1241 1199 1533 1252 crastinum23
1557 1221 1578 1241 »
1599 1216 1686 1245 non

314 1278 389 1307 vos
414 1274 556 1310 tamen
582 1266 671 1312 istis
700 1269 842 1314 verbis
867 1269 979 1328 cogi,
1008 1279 1055 1314 ut
1084 1269 1196 1315 nihil
1223 1270 1267 1314 in
1291 1270 1525 1315 crastinum
1549 1287 1687 1315 reser-

315 1334 421 1379 vetis
442 1351 452 1379 ε
475 1352 554 1381 cur
579 1354 677 1397 ergo
701 1338 851 1384 iisdem
873 1339 1015 1384 verbis
1036 1356 1112 1384 vos
1131 1339 1227 1399 cogi
1250 1338 1411 1394 dicitis,
1435 1350 1483 1384 ut
1502 1339 1686 1385 vacetis)

319 1406 409 1449 Cur
429 1405 617 1453 volatilia
640 1408 741 1454 coeli
761 1427 847 1454 non
872 1410 994 1455 vobis
1014 1420 1115 1454 sunt
1133 1409 1326 1472 exemplo
1345 1409 1399 1454 ad
1418 1409 1530 1455 nihil
1554 1427 1689 1455 reser-

318 1475 529 1531 vandum,
548 1488 589 1522 et
608 1478 739 1524 vultis
765 1490 811 1524 ut
832 1480 916 1524 sint
935 1479 1128 1542 exemplo
1151 1479 1206 1524 ad
1227 1479 1339 1524 nihil
1355 1479 1656 1542 operandum?

382 1547 569 1595 XXXII.
614 1550 740 1595 Dicet
765 1550 916 1614 aliquis
937 1568 946 1595 :
970 1550 1090 1607 Quid
1117 1567 1215 1610 ergo
1241 1550 1419 1613 prodest
1443 1568 1563 1596 servo
1588 1551 1685 1606 Dei,

319 1618 436 1681 qnod
465 1621 685 1682 prioribus
711 1622 881 1667 actibus
903 1639 1011 1686 quos
1036 1622 1081 1667 in
1105 1620 1264 1667 saeculo
1291 1622 1484 1667 habebat
1510 1621 1686 1678 relictis,

322 1688 376 1733 ad
395 1689 511 1735 hanc
529 1691 765 1754 spiritalem
785 1693 918 1737 vitam
935 1692 1218 1755 militiamque
1237 1692 1521 1749 convertitur,
1543 1693 1577 1738 si
1593 1709 1690 1737 eum

322 1758 468 1805 adhuc
486 1772 673 1823 oportet,
698 1773 906 1826 tanquam
923 1763 1108 1825 opificis,
1131 1779 1319 1808 exercere
1339 1763 1536 1822 negotia?
1559 1763 1691 1819 Quasi

319 1846 420 1875 vero
449 1830 574 1877 facile
597 1833 733 1895 possit
757 1834 899 1879 verbis
926 1833 1147 1896 explicari,
1175 1843 1388 1897 quantum
1412 1833 1550 1897 prosit
1572 1832 1692 1896 quod

321 1902 533 1947 Dominus
555 1902 680 1949 diviti
706 1904 935 1950 consilium
962 1903 1188 1967 capiendae
1207 1905 1309 1949 vitae
1341 1913 1515 1950 aeternae
1544 1904 1694 1967 requi-

322 1973 433 2017 renti
463 1974 522 2018 ait
554 1985 602 2019 ut
629 1974 812 2031 faceret,
841 1976 874 2021 si
897 1974 1024 2022 vellet
1047 1991 1132 2020 esse
1154 1974 1392 2038 perfectus3
1427 1985 1476 2020 ut
1510 1974 1694 2020 venditis

322 2060 422 2107 quoe
449 2044 660 2103 habebat,
691 2057 732 2092 et
759 2047 1008 2107 indigentiae
1032 2063 1276 2110 pauperum
1310 2045 1569 2102 distributis,
1595 2063 1694 2092 eum

323 2116 611 2177 sequeretur?
640 2119 726 2164 Aut
745 2119 842 2182 quis
860 2129 949 2164 tam
970 2117 1166 2181 expedito
1184 2134 1311 2163 cursu
1330 2127 1501 2164 secutus
1521 2127 1582 2162 est
1599 2119 1694 2163 Do-

325 2185 510 2241 minum,
538 2206 669 2252 quam
687 2189 758 2234 ille
773 2190 848 2252 qui
871 2190 927 2234 ait
946 2207 956 2234 :
977 2210 995 2228 «
1018 2190 1114 2234 Non
1134 2188 1180 2233 in
1195 2204 1382 2235 vacuum
1402 2187 1593 2244 cucurri,
1616 2204 1695 2233 nec

326 2276 347 2296 »
369 2256 414 2301 in
440 2274 626 2303 vacuum
646 2258 841 2304 laboravi
855 2258 872 2287 ‘s‘
890 2277 900 2303 :
918 2280 937 2300 n
954 2260 1030 2322 qui
1053 2274 1196 2304 tamen
1217 2275 1346 2321 opera
1365 2259 1444 2304 ista
1465 2268 1506 2303 et
1525 2274 1695 2321 praece-

325 2326 408 2389 pit,
439 2338 482 2373 et
502 2327 617 2376 fecit.
651 2330 747 2375 Hoc
766 2330 892 2375 nobis
919 2340 1037 2375 tanta
1063 2329 1317 2374 auctoritate
1340 2328 1479 2375 doctis
1502 2339 1543 2373 et
1564 2327 1697 2373 infor-

325 2399 450 2444 matis
473 2400 664 2446 sufficere
683 2400 837 2446 debuit
857 2400 909 2446 ad
935 2401 1175 2463 exemplum
1199 2398 1525 2462 derelinquendi
1545 2398 1697 2462 pristi-

327 2488 402 2515 nas
425 2471 666 2528 facultates,
694 2483 736 2518 et
762 2472 963 2517 manibus
985 2471 1209 2535 operandi.
1247 2470 1331 2516 Sed
1356 2481 1398 2515 et
1420 2487 1496 2515 nos
1522 2469 1578 2515 ab
1603 2468 1698 2532 ipso

326 2542 515 2588 Domino
539 2542 695 2604 adjuti,
722 2559 950 2606 possumus
973 2542 1148 2587 fortasse
1167 2552 1404 2605 utcumque
1422 2555 1693 2600 cognoscere,

373 2636 383 2657 ¹
424 2646 435 2664 1
458 2635 533 2667 Cor.
550 2647 615 2675 xvi,
640 2641 709 2674 1·''}-
726 2653 765 2661 -
796 2634 811 2658 2
837 2634 954 2668 Manli.
983 2646 1015 2665 vr
1035 2661 1044 2679 ‚
1069 2636 1121 2671 3⁷3.
1142 2651 1186 2657 -—
1205 2631 1357 2667 ³1d.x1x
1373 2657 1381 2672 ‚
1407 2644 1462 2665 21.
1487 2650 1532 2656 ·-
1549 2628 1562 2654 ²¹
1580 2629 1696 2674 Philip.

326 2699 360 2726 1,
399 2690 449 2720 16.
