1758 3246
350 290 404 320 DE
440 288 540 318 FIDE
575 287 626 317 ET
662 286 897 326 OPERIBUS,
936 286 1022 317 LIB.
1064 285 1095 317 1.
1364 269 1422 333 75

123 356 260 402 XXX.
291 353 415 401 Unde
432 369 511 399 nec
534 352 608 397 illa
630 351 756 396 nobis
775 350 931 395 mulier
950 350 1199 396 Chananaea
1223 354 1421 413 praescri-

57 422 148 479 bit,
170 425 273 487 quia
289 423 500 469 Dominus
520 423 557 467 ei
575 421 694 486 quod
710 421 889 484 petebat
906 420 1043 474 dedit,
1063 436 1163 464 cum
1182 432 1276 465 ante
1296 420 1422 466 dixis-

57 502 118 537 set
144 511 154 537 z
184 514 205 534 α
229 495 264 538 Ν
271 510 326 538 011
344 503 406 538 est
427 494 592 538 bonum
610 491 758 537 tollere
774 508 934 553 panem
956 490 1145 534 fih'orum
1161 526 1171 545 ,
1195 500 1236 534 01
1254 491 1422 535 mittere

56 580 79 603 >2
94 563 301 607 canibus1
327 581 337 607 ι
370 584 390 604 »
416 563 517 625 quia
541 563 612 608 ille
640 562 782 608 cordis
803 563 1029 623 Inspector
1052 568 1265 604 mutatam
1281 560 1416 614 vidit,

5 642 7 671 ὃ
55 632 228 694 quando
257 632 464 679 laudavit.
493 634 548 677 Et
571 632 668 677 ideo
698 649 787 677 non
811 631 901 677 ait:
936 631 975 676 O
1005 629 1146 685 canis,
1181 645 1336 688 magna
1360 639 1422 673 est

53 700 158 745 fides
181 711 279 755 tua3
302 702 375 747 sed
392 738 403 757 ‚
439 723 458 743 α
479 703 517 748 O
534 701 690 747 mulier
703 738 714 758 ‚
737 718 892 761 magna
909 711 970 745 est
989 699 1095 745 fides
1114 710 1201 745 tua.
1229 719 1249 739 »
1270 699 1420 743 Muta-

4 777 8 810 3
52 770 115 814 vit
153 771 416 817 vocabulum
433 810 443 828 ‚
490 772 594 834 quia
626 782 844 816 mutatum
885 769 997 816 vidit
1020 770 1220 814 affectum
1239 804 1250 822 ‚
1291 778 1420 830 atque

4 861 7 883 r
50 838 168 884 illam
192 842 508 904 correptionem
535 841 587 886 ad
604 839 796 886 fructum
816 840 1057 903 pervenisse
1080 836 1298 897 cognovit.
1329 836 1420 881 Mi-

3 939 6 959 ,
49 923 121 952 ror
146 920 287 955 autem
310 911 345 956 si
360 910 557 957 laudaret
577 910 622 956 in
650 927 699 956 ea
722 909 856 955 fidem
882 909 971 954 sine
1003 908 1209 970 operibus
1227 943 1238 962 ,
1262 905 1309 951 id
1326 915 1414 961 est,

49 977 181 1023 fidem
195 997 282 1025 non
297 981 425 1026 talem
450 997 551 1044 quae
566 984 658 1039 jam
676 997 755 1043 per
770 979 1044 1025 dilectionem
1067 987 1212 1040 posset
1225 974 1414 1039 operari,

48 1046 178 1092 fidem
190 1060 425 1105 mortuam,
441 1061 482 1095 et
497 1050 619 1112 quod
627 1051 651 1093 J
657 1049 819 1094 acobus
833 1048 974 1094 dicere
989 1047 1166 1093 minime
1177 1044 1414 1100 dubitavit,

46 1115 177 1161 fidem
200 1134 289 1162 non
311 1119 660 1163 Christianorum
677 1154 689 1173 ‚
716 1118 789 1162 sed
814 1118 1065 1162 daemonum
1075 1117 1108 1163 ².
1137 1118 1360 1161 Postremo
1383 1113 1419 1158 si

2 1178 5 1227 Ῐ
44 1184 170 1230 istam
205 1185 504 1232 Chananaeam
546 1186 703 1232 nolunt
736 1186 974 1246 intelligere
1006 1195 1191 1230 mutasse
1222 1182 1416 1245 perditos

1 1252 5 1301 ἵ
44 1270 201 1310 mores,
217 1256 394 1318 quando
414 1273 507 1302 eam
529 1256 729 1301 Christus
748 1254 1066 1301 contemnendo
1080 1264 1122 1299 et
1139 1250 1416 1314 corripiendo

43 1323 292 1384 redarguit:
316 1342 614 1388 quoscumque
633 1327 877 1372 invenerint
895 1322 1198 1371 tantummodo
1221 1321 1412 1377 credere,

44 1394 176 1440 Vitam
184 1411 284 1440 vero
293 1396 684 1459 inquinatissimam
692 1414 788 1452 ‚nec
797 1397 946 1442 saltem
957 1394 1192 1451 occultare,
1199 1395 1271 1441 sed
1283 1393 1412 1440 etiam

41 1462 176 1508 libere
203 1466 424 1527 profiteri,
459 1483 508 1512 30
525 1466 638 1512 110110
660 1477 855 1519 11111131·ος
875 1475 1026 1511 sanent
1044 1464 1154 1510 filios
1172 1482 1346 1520 eorum,
1379 1465 1414 1509 si

0 1548 3 1562 1
41 1543 244 1594 possunt,
273 1535 384 1581 sicut
411 1547 558 1581 sanata
578 1546 640 1580 est
664 1536 753 1581 fflja
781 1536 1048 1580 Chananaeae
1076 1534 1296 1587 muheris3
1324 1551 1412 1579 non

42 1611 184 1647 tamen
206 1619 278 1648 eos
312 1603 476 1649 faciant
500 1605 696 1650 membra
728 1605 916 1661 Christi,
957 1621 1059 1649 011111
1090 1604 1175 1666 ipsi
1203 1620 1289 1648 esse
1323 1620 1413 1648 non

40 1669 238 1716 desinant
262 1673 458 1718 membra
479 1673 752 1719 meretricis?
779 1674 897 1719 Illud
914 1690 1012 1719 sane
1029 1690 1118 1718 non
1135 1673 1321 1718 absurde
1337 1673 1411 1718 in—

41 1739 262 1798 telligunt,
291 1757 390 1785 eum
414 1759 596 1804 peccare
614 1743 660 1787 in
681 1743 897 1805 Spiritum
915 1754 1112 1788 sanctum
1125 1779 1136 1798 ,
1159 1753 1201 1788 01
1219 1759 1305 1787 esse
1322 1743 1410 1788 sine

39 1809 162 1854 venia
180 1825 302 1855 reum
325 1812 474 1856 aeterni
493 1812 686 1874 peccati,
718 1812 794 1875 qui
814 1829 948 1876 usque
972 1813 1018 1858 in
1046 1813 1177 1858 finem
1200 1813 1300 1858 vitae
1325 1830 1410 1858 no-

38 1876 165 1922 luerit
198 1878 369 1924 credere
400 1880 446 1925 in
483 1881 745 1926 Christum:
782 1882 852 1927 sed
886 1882 920 1927 si
951 1893 1064 1928 reete
1093 1882 1406 1941 intelligerent,

39 1946 145 2009 quid
167 1947 220 1992 sit
243 1948 414 1994 credere
439 1951 485 1995 in
509 1951 749 1998 Christum.
783 1953 883 1997 Non
908 1954 1023 1998 enim
1048 1952 1135 1998 hoc
1161 1962 1223 1997 est
1246 1952 1410 1997 habere

37 2014 287 2062 daemonum
311 2018 462 2075 fidem,
486 2037 588 2083 quae
606 2031 720 2067 recte
752 2033 924 2068 mortua
955 2022 1236 2086 perhibetur3
1259 2022 1332 2068 sed
1349 2023 1408 2067 fi-

38 2083 136 2130 dem
159 2103 259 2148 quae
281 2104 360 2150 per
380 2088 657 2135 dilectionem
675 2101 893 2154 operatur.

99 2156 263 2202 XXXI.
292 2157 404 2213 Quae
421 2175 522 2204 cum
540 2160 602 2205 ita
620 2160 720 2216 sint,
743 2161 918 2223 quando
940 2161 1041 2207 tales
1062 2161 1116 2206 ad
1135 2161 1406 2224 baptismum

36 2240 124 2269 non
147 2224 416 2272 admittimus
430 2264 442 2284 ‚
462 2245 551 2273 non
570 2239 667 2274 31110
697 2241 868 2293 tempus
890 2231 1049 2278 zizania
1070 2231 1247 2277 evellere
1270 2249 1406 2277 cona—

35 2309 134 2338 mur
147 2330 158 2350 ,
185 2294 258 2340 sed
276 2295 479 2342 nolumus
502 2298 696 2362 insuper,
719 2301 830 2345 sicut
845 2300 1046 2346 diabolus
1063 2337 1074 2356 ‚
1096 2302 1257 2346 zizania
1274 2302 1405 2347 semi—

35 2377 134 2407 nare
155 2380 166 2408 :
189 2381 269 2409 1100
290 2365 344 2410 ad
362 2366 588 2413 Christum
611 2368 799 2415 volentes
825 2371 968 2415 venire
994 2370 1282 2433 prohibemus
1296 2406 1306 2426 ‚
1331 2371 1404 2415 sed

35 2446 104 2476 eos
124 2432 178 2477 ad
202 2433 427 2481 Christum
454 2438 597 2483 venire
622 2438 736 2483 nolle
751 2476 763 2496 ,
786 2440 878 2502 ipsa
905 2457 980 2485 sua
1012 2438 1273 2502 professione
1294 2456 1404 2484 con—

35 2500 247 2548 vincimus
269 2521 278 2548 :
298 2521 377 2550 1100
396 2516 591 2553 vetamus
614 2508 790 2555 Christo
809 2509 981 2555 credere
999 2547 1009 2564 ‚
1041 2509 1113 2555 sed
1138 2509 1401 2555 demonstra·

82 2582 93 2602 ¹
114 2583 231 2615 Matth.
246 2595 302 2629 xv,
320 2588 374 2618 26.
388 2603 433 2610 —
446 2586 461 2610 ²
477 2589 586 2621 Jacob.
606 2601 648 2629 11,
666 2602 718 2631 19.
737 2608 781 2615 ——
806 2588 820 2613 3
837 2592 941 2624 Galat.
958 2602 989 2634 v,
1006 2592 1038 2622 6.
