1758 3246
304 278 398 334 430
716 289 750 317 s.
796 286 1036 317 Auens-rim
1073 284 1275 315 muscom

307 352 543 418 Apostolus
567 368 669 397 cum
693 349 934 396 exuendum
960 360 1143 394 tenerem
1168 349 1391 394 hominem
1411 350 1684 413 praeciperet‚

310 438 398 485 quo
429 420 604 465 nomine
627 420 772 465 onmia
796 429 975 482 peccata
999 416 1316 477 intelliguntur,
1343 427 1651 480 consequenter
1672 452 1683 474 ,

307 491 367 535 ait
382 528 394 547 ,
422 489 637 553 imprimis
659 506 825 552 ponens
847 507 857 532 :
887 510 904 527 α
922 492 1205 550 Quapropter
1223 486 1486 551 deponentes
1512 486 1686 532 menda-

304 582 325 601 »
351 559 468 606 cium
484 595 497 614 ‚
523 558 754 622 loquimini
771 559 992 603 veritatem
1010 557 1043 602 1.
1066 579 1086 597 »

372 625 470 675 Vll.
514 629 604 674 Nec
625 627 708 672 illis
733 643 835 690 quae
866 627 919 672 de
949 626 1168 671 xcteribus
1197 624 1322 670 libris
1361 625 1686 671 mendaciorum

306 696 498 762 exempla
517 696 685 761 prolata
722 707 852 752 sunt,
892 696 1040 741 terreri
1074 712 1114 740 se
1146 693 1325 749 dicunt,
1362 695 1439 740 ubi
1468 693 1688 758 quidquid

308 779 473 830 gestum
493 777 555 812 est
573 802 584 822 ‚
613 768 795 826 figurate
816 766 954 829 accipi
973 775 1134 828 potest,
1157 764 1354 827 quamvis
1378 781 1522 810 revera
1542 765 1686 809 conti-

307 838 416 899 gerit
431 835 675 900 :quidquid
691 847 833 881 autem
851 837 1032 894 figurate
1044 836 1094 879 sit
1107 845 1181 879 aut
1193 833 1375 889 dicitur,
1395 850 1482 878 non
1495 844 1557 879 est
1569 850 1683 878 men·

311 907 500 954 dacium.
545 904 701 950 Omnis
724 905 837 949 enim
868 904 1104 950 enuntiatio
1126 940 1137 959 ,
1168 903 1222 948 ad
1244 903 1291 948 id
1315 902 1435 965 quod
1464 902 1685 959 enuntiat,

311 975 533 1029 referenda
546 985 622 1021 est.
645 975 787 1020 Omne
802 985 943 1019 autem
963 977 1143 1034 figurate
1159 984 1232 1019 aut
1250 974 1414 1019 faetum
1434 983 1508 1018 aut
1520 973 1690 1018 dictum

310 1046 398 1093 hoc
433 1044 631 1090 enuntiat
667 1043 789 1107 quod
820 1044 1036 1103 significat
1073 1044 1130 1089 eis
1163 1044 1325 1106 quibus
1359 1042 1691 1102 intelligendum
1748 1083 1752 1094 ,

310 1117 532 1181 prolatum
551 1125 627 1161 est.
658 1114 782 1159 Unde
801 1114 1068 1160 credendum
1087 1125 1149 1159 est
1165 1114 1261 1159 illos
1278 1115 1478 1158 homines
1494 1115 1571 1176 qui
1589 1130 1691 1176 pro-

311 1186 499 1251 pheticis
519 1184 792 1246 temporibus
820 1183 941 1242 digni
973 1185 1228 1229 auctoritate
1255 1183 1385 1228 fuisse
1420 1199 1690 1228 commemo-

313 1265 480 1310 rantur,
510 1254 654 1298 omnia
677 1269 778 1315 quae
803 1255 964 1314 scripta
989 1263 1090 1297 sunt
1106 1253 1159 1297 de
1178 1252 1289 1307 illis,
1316 1252 1575 1314 prophetice
1601 1269 1694 1312 ges-

315 1328 412 1374 sisse
441 1335 568 1387 atque
591 1323 766 1377 dixisse,
797 1339 875 1367 nec
910 1323 1053 1367 minus
1078 1323 1338 1385 prophetice
1366 1323 1424 1366 eis
1458 1322 1687 1379 accidisse,

316 1409 608 1461 quaecumque
627 1391 686 1436 sic
714 1391 989 1446 acciderunt,
1015 1402 1062 1436 ut
1080 1393 1229 1436 eodem
1251 1391 1513 1453 prophetico
1536 1391 1692 1454 spiritu

317 1464 537 1513 memoriae
560 1461 797 1522 litterisque
832 1460 1078 1505 mandanda
1098 1461 1415 1520 judicarentur.
1446 1461 1511 1506 De
1546 1462 1694 1506 obste-

318 1536 502 1583 tricibus
526 1542 667 1576 autem
687 1566 697 1584 ‚
720 1530 824 1593 quia
845 1546 934 1574 non
959 1547 1026 1575 eas
1054 1541 1237 1593 possunt
1266 1531 1408 1576 dicere
1430 1530 1693 1594 prophetico

316 1604 472 1669 spiritu
489 1600 762 1660 significandi
777 1598 917 1643 futuri
936 1600 1024 1644 xeri
1045 1601 1180 1658 gratia
1199 1636 1209 1655 ‚
1242 1599 1360 1645 aliud
1398 1616 1481 1663 pro
1515 1600 1598 1645 alio
1619 1615 1692 1644 re-

319 1675 534 1722 nuntiasse
559 1670 780 1715 Pharaoni
799 1705 809 1724 ,
855 1671 1022 1714 etiamsi
1062 1670 1225 1733 aliquid
1264 1671 1367 1733 ipsis
1400 1670 1693 1718 nescientibus

320 1744 440 1811 quod
465 1757 620 1807 pereas
634 1750 778 1784 actum
798 1749 860 1783 est
881 1739 1139 1798 significavit
1156 1777 1167 1797 9
1185 1758 1266 1804 pro
1285 1741 1421 1800 gradu
1442 1757 1519 1786 suo
1540 1741 1696 1787 dicunt

324 1818 588 1880 approbatas
624 1820 666 1855 et
697 1819 987 1854 remuneratas
1025 1828 1048 1854 a
1088 1812 1191 1857 Deo.
1235 1812 1323 1867 Qui
1363 1812 1477 1856 enim
1507 1811 1696 1858 nocendi

323 1903 453 1934 causa
474 1881 648 1929 mentiri
665 1879 799 1936 solet,
827 1880 861 1924 si
883 1883 974 1938 jam
999 1881 1255 1926 consulendi
1278 1898 1405 1927 causa
1433 1883 1691 1940 mentiatur,

325 1957 513 2004 multum
538 1949 736 2016 profecit.
767 1951 851 1995 Sed
872 1950 989 1995 aliud
1012 1961 1074 1995 est
1091 1951 1211 2014 quod
1231 1968 1310 2014 per
1329 1953 1523 2016 seipsum
1538 1953 1696 2000 lauda-

324 2028 413 2075 bile
435 2023 723 2089 proponitur,
750 2020 866 2066 aliud
900 2020 1021 2084 quod
1054 2022 1097 2066 in
1131 2022 1351 2068 deterioris
1373 2024 1697 2088 comparatione

323 2096 612 2164 praeponitur.
642 2091 778 2137 Aliter
788 2092 900 2137 enim
915 2091 1182 2150 gratulamur
1198 2110 1299 2138 cum
1320 2110 1445 2139 sanus
1463 2104 1524 2139 est
1540 2095 1693 2153 homo,

328 2170 447 2217 aliter
466 2182 569 2211 cum
594 2163 744 2208 melius
763 2162 899 2207 habet
919 2173 1119 2222 aegrotus.
1150 2166 1259 2210 Nam
1274 2166 1318 2211 in
1343 2165 1697 2230 Scripturisipsis

321 2238 556 2301 justificata
568 2234 696 2279 etiam
714 2231 905 2277 sodoma
920 2233 1082 2278 dicitur
1096 2234 1142 2279 in
1154 2237 1475 2298 comparatione
1487 2237 1696 2284 scelerum

327 2306 485 2374 Populi
511 2302 683 2349 lsrael?
716 2303 774 2347 Et
791 2301 843 2346 ad
863 2302 978 2348 hane
990 2303 1180 2363 regulam
1193 2304 1387 2364 dirigunt
1407 2308 1552 2354 omnia
1570 2325 1695 2354 men-

327 2379 451 2427 dacia
462 2391 562 2440 quae
575 2373 855 2438 proferuntur
871 2371 924 2417 de
937 2374 1150 2419 veteribus
1163 2375 1304 2421 Libris
1315 2412 1326 2431 ,
1342 2393 1421 2422 nec
1437 2377 1696 2441 reprehensa

325 2448 623 2500 inveniuntur,
650 2442 720 2490 vel
741 2442 1003 2506 reprehendi
1026 2460 1115 2490 non
1150 2456 1355 2508 possunt,
1384 2457 1433 2493 ut
1452 2458 1527 2494 aut
1549 2447 1697 2496 indole

375 2555 386 2578 Ι
404 2551 523 2596 Ephes.
537 2550 655 2589 1v925.
672 2566 718 2572 -
735 2546 751 2570 ²
766 2547 881 2582 Ezeeh.
896 2559 965 2587 xvx,
983 2550 1039 2581 52.
