1758 3246
304 251 395 307 240
722 262 757 294 s,
802 258 1044 294 Aneusrim
1079 260 1281 293 nmscom

304 344 389 390 que
418 341 507 370 non
537 323 774 370 continent.
806 323 956 381 Unde,
989 335 1038 370 ut
1068 324 1230 388 aliquid
1252 324 1392 369 dicam
1412 360 1423 379 ,
1460 333 1501 368 et
1527 333 1681 369 caetera
1734 323 1738 374 ἓ

304 405 487 459 propter
511 395 717 440 sermonis
741 395 1056 454 longitudinem
1075 405 1266 448 tacean13
1293 392 1470 456 quidam
1500 410 1588 438 non
1613 404 1682 438 at-

304 467 480 525 tingunt
499 464 628 510 etiam
652 482 800 511 uxores
817 482 936 520 suas,
959 464 1064 509 dum
1089 465 1210 526 quasi
1231 463 1384 508 mundi
1400 479 1478 525 per
1495 462 1682 521 magicas
1737 453 1739 489 ἶ

305 546 412 581 artes
427 534 653 597 pervenire
675 535 730 580 ad
751 551 899 579 uxores
919 533 1160 579 moliuntur
1184 533 1351 578 alienas.
1378 532 1416 577 O
1439 531 1680 577 mirabilem
1738 546 1742 580 “,

301 603 639 660 continentiam,
689 604 879 649 imovero
913 603 1154 666 nequitiam
1189 612 1315 664 atque
1361 599 1684 646 immunditiam

303 673 577 733 singularem.
626 673 672 718 Si
709 673 825 718 enim
859 689 960 718 vera
992 682 1098 717 esset
1133 671 1424 726 continentia,
1461 670 1596 729 magis
1627 669 1684 714 ab
1741 678 1754 724 {-

306 741 540 795 adulterio9
569 757 703 802 quam
724 752 908 804 propter
933 740 1194 786 adulterium
1213 740 1571 803 perpetrandum,
1595 755 1686 782 car-
1743 768 1758 795 ·!

304 815 371 860 nis
403 810 763 886 concupiscentia
799 811 955 856 debuit
991 829 1014 855 a
1043 810 1247 869 conjugio
1281 810 1516 855 continere.
1559 809 1686 853 Hanc
1743 820 1758 837 ·²

303 882 470 946 quippe
495 879 899 941 concupiscentiam
924 879 1065 924 calnis
1089 878 1273 923 relaxare
1292 878 1398 923 solet
1421 876 1687 923 continentia
1744 876 1758 897 '¹'

306 948 570 1009 co11J'ugaliS‚
605 951 787 1011 ejusque
818 948 949 994 frenis
986 948 1196 993 hactenus
1230 947 1506 993 moderamen
1538 946 1688 1008 impo-
1746 962 1748 986 ι

305 1036 430 1075 nere,
452 1028 501 1062 ut
519 1033 597 1061 nec
614 1016 661 1061 in
683 1034 698 1062 1
702 1036 785 1082 pso
803 1018 1007 1078 conjugio
1023 1017 1309 1063 immoderata
1331 1017 1506 1062 licentia
1522 1016 1688 1061 difflua·
1748 1050 1749 1059 ,

306 1100 398 1143 tur,
425 1087 497 1132 sed
521 1086 799 1135 custodiatur
818 1088 1004 1144 modus,
1039 1098 1112 1133 aut
1131 1088 1374 1133 infirmitati
1393 1085 1588 1146 conjugis
1609 1084 1689 1129 de-

304 1159 424 1204 bitus
442 1193 452 1211 ‚
476 1155 547 1200 cui
564 1155 660 1203 hoc
684 1175 771 1203 non
797 1125 1038 1202 secunduin
1071 1158 1304 1220 imperium
1330 1154 1563 1219 praeeipit1
1578 1191 1589 1210 ,
1617 1153 1689 1199 sed

307 1225 547 1274 secundum
560 1241 589 1269 v
600 1229 739 1273 eniam
760 1227 961 1272 concedit
979 1227 1213 1290 Apostolus
1227 1248 1237 1280 ;
1255 1238 1329 1272 aut
1342 1227 1440 1272 filiis
1458 1241 1690 1289 procrean-

307 1297 373 1343 dis
393 1297 776 1351 accommodatus,
814 1313 914 1357 quae
938 1312 1024 1340 una
1053 1296 1138 1340 fuit
1163 1313 1290 1341 causa
1316 1294 1548 1341 iniscendae
1572 1293 1690 1338 invi-

309 1383 402 1412 cem
426 1368 575 1412 carnis
599 1376 639 1411 et
656 1366 858 1429 patribus
876 1365 1098 1428 quondam
1123 1375 1164 1410 et
1188 1365 1403 1410 matribus
1431 1363 1601 1409 sanctis.
1638 1361 1691 1406 ld

309 1445 453 1481 autem
487 1436 648 1483 faciens
668 1435 932 1480 continentia
952 1472 962 1489 ‚
993 1435 1039 1479 id
1060 1445 1121 1479 cst
1139 1472 1149 1491 ,
1178 1435 1404 1480 moderans
1428 1445 1470 1479 ct
1501 1432 1691 1496 quodam

308 1503 451 1552 modo
473 1505 662 1551 limitans
681 1503 725 1548 in
751 1503 1013 1562 conjugibus
1042 1505 1181 1549 carnis
1201 1504 1597 1567 concupiscentiam
1613 1539 1624 1557 ,
1651 1510 1693 1545 et

308 1577 375 1632 eju
393 1575 671 1638 §inquietum
696 1583 823 1635 atque
842 1572 1139 1618 inordinatum
1162 1584 1329 1618 motum
1355 1573 1481 1618 certis
1501 1570 1692 1634 quodam

306 1647 449 1693 n'iodo
476 1645 638 1690 finibus
663 1642 866 1688 ordinans
884 1680 896 1699 ,
921 1643 1031 1688 bene
1051 1644 1188 1689 utitur
1204 1644 1392 1689 hominis
1412 1642 1543 1698 malo,
1563 1657 1693 1705 quem

305 1714 423 1764 'facit
449 1725 490 1760 et
522 1713 619 1759 vult
639 1712 848 1775 perficere
877 1711 1045 1757 bonum
1079 1730 1089 1757 :
1126 1713 1239 1758 sicut
1262 1714 1378 1758 Deus
1409 1713 1548 1758 utitur
1564 1710 1693 1756 etiam

320 1784 575 1833 hominibus
597 1780 720 1826 malis
737 1818 748 1836 ‚
776 1791 958 1843 propter
976 1799 1045 1826 eos
1061 1798 1170 1844 quos
1188 1782 1360 1845 perficit
1381 1782 1532 1826 bonos.

385 1853 593 1901 XXVIII.
637 1851 765 1896 Absit
782 1867 881 1910 ergo
907 1861 955 1896 ut
976 1851 1283 1897 continentiam
1306 1888 1316 1907 ‚
1350 1850 1402 1896 de
1423 1867 1509 1913 qua
1539 1848 1693 1912 Scrip—

321 1935 419 1969 tura
442 1921 580 1966 dicit:
608 1940 628 1960 «
652 1921 709 1964 Et
734 1919 820 1964 hoc
852 1920 999 1982 ipsum
1031 1930 1121 1965 erat
1157 1920 1404 1983 sapientiae,
1432 1920 1539 1965 scire
1570 1923 1694 1978 cujus

322 2016 344 2038 »
364 2003 470 2038 esset
496 1991 583 2036 hoc
619 1989 813 2034 donum2
829 2026 839 2045 ‚
865 2011 885 2030 »
921 1990 1048 2035 etiam
1079 2008 1149 2036 eos
1176 1991 1338 2036 habere
1371 1991 1591 2046 dicamus,
1618 1989 1693 2052 qui

324 2060 588 2110 continendo
604 2097 615 2115 ‚
644 2058 714 2104 vel
733 2059 951 2104 erroribus
976 2061 1189 2114 serviunt,
1225 2061 1292 2106 vel
1318 2060 1482 2123 aliquas
1510 2059 1695 2105 minores

322 2131 584 2196 cupiditates
601 2127 698 2173 ideo
715 2128 898 2173 vincunt
911 2165 923 2184 ,
941 2139 989 2173 ut
1011 2128 1113 2174 alias
1131 2130 1344 2192 expleant,
1364 2147 1551 2194 quarum
1571 2147 1694 2189 gran-

323 2204 456 2250 ditate
486 2198 737 2245 vincuntur.
767 2198 830 2242 Ea
855 2214 957 2243 vero
983 2215 1082 2260 quae
1113 2216 1211 2245 vera
1235 2210 1296 2245 est
1317 2200 1501 2264 desuper
1519 2199 1693 2245 veniens

322 2268 586 2319 continentia
600 2303 611 2322 ,
638 2283 727 2311 non
751 2265 845 2311 aliis
868 2267 992 2312 malis
1009 2268 1120 2314 mala
1136 2286 1330 2332 premere
1347 2269 1452 2326 alia,
1471 2268 1544 2315 sed
1566 2268 1692 2314 bonis

320 2341 434 2388 mala
457 2352 604 2383 sanare
634 2335 731 2381 vult
762 2335 919 2382 omnia.
958 2336 1096 2396 Cujus
1128 2348 1177 2383 ut
1201 2339 1390 2385 breviter
1426 2339 1693 2400 complectar

320 2411 533 2459 actionem
545 2444 556 2464 ‚
583 2405 787 2452 omnibus
803 2423 978 2468 prorsus
997 2407 1356 2454 delectationibus
1375 2407 1690 2470 concupiscen-

317 2484 390 2530 tiae
405 2518 416 2537 ,
440 2494 540 2542 quae
568 2475 848 2522 adversantur
868 2475 1144 2526 delectationi
1163 2478 1387 2542 sapientiae
1404 2515 1417 2537 ,
1439 2475 1691 2524 coercendis

366 2563 380 2587 1
404 2572 417 2592 ι
433 2561 509 2594 Cor.
529 2567 588 2597 vu,
605 2557 638 2592 6.
653 2572 700 2580 -
718 2554 735 2579 2
752 2558 828 2600 Sap.
844 2566 919 2603 vm,
935 2566 988 2592 21.
