<?xml version="1.0" encoding="UTF-8"?>
<!DOCTYPE html PUBLIC "-//W3C//DTD XHTML 1.0 Transitional//EN"
    "http://www.w3.org/TR/xhtml1/DTD/xhtml1-transitional.dtd">
<html xmlns="http://www.w3.org/1999/xhtml" xml:lang="en" lang="en">
 <head>
  <title>
</title>
<meta http-equiv="Content-Type" content="text/html;charset=utf-8" />
  <meta name='ocr-system' content='tesseract 3.04.00' />
  <meta name='ocr-capabilities' content='ocr_page ocr_carea ocr_par ocr_line ocrx_word'/>
</head>
<body>
  <div class='ocr_page' id='page_1' title='image "./operaomniaaccura26auguuoft/operaomniaaccura26auguuoft_0599.png"; bbox 0 0 1758 3246; ppageno 0'>
   <div class='ocr_carea' id='block_1_1' title="bbox 429 289 1411 359">
    <p class='ocr_par' dir='ltr' id='par_1_1' title="bbox 429 289 1411 359">
     <span class='ocr_line' id='line_1_1' title="bbox 429 289 1411 359; baseline 0.002 -19"><span class='ocrx_word' id='word_1_1' title='bbox 429 309 599 340; x_wconf 77' lang='lat' dir='ltr'><strong>REGULA</strong></span> <span class='ocrx_word' id='word_1_2' title='bbox 637 308 692 339; x_wconf 66' lang='lat' dir='ltr'>An</span> <span class='ocrx_word' id='word_1_3' title='bbox 727 290 890 339; x_wconf 49' lang='lat' dir='ltr'>‘suavos</span> <span class='ocrx_word' id='word_1_4' title='bbox 926 308 1017 340; x_wconf 76' lang='lat' dir='ltr'>nm.</span> <span class='ocrx_word' id='word_1_5' title='bbox 1319 289 1411 359; x_wconf 82' lang='lat'>575</span> 
     </span>
    </p>
   </div>
   <div class='ocr_carea' id='block_1_2' title="bbox 51 372 1452 2706">
    <p class='ocr_par' dir='ltr' id='par_1_2' title="bbox 51 372 1414 570">
     <span class='ocr_line' id='line_1_2' title="bbox 51 372 1414 442; baseline -0.001 -19"><span class='ocrx_word' id='word_1_6' title='bbox 51 375 171 442; x_wconf 87' lang='lat' dir='ltr'>quod</span> <span class='ocrx_word' id='word_1_7' title='bbox 191 375 316 421; x_wconf 80' lang='lat' dir='ltr'>vobis</span> <span class='ocrx_word' id='word_1_8' title='bbox 349 373 587 421; x_wconf 86' lang='lat' dir='ltr'>secundum</span> <span class='ocrx_word' id='word_1_9' title='bbox 619 372 971 419; x_wconf 87' lang='lat' dir='ltr'>consuetudinem</span> <span class='ocrx_word' id='word_1_10' title='bbox 994 372 1174 433; x_wconf 84' lang='lat' dir='ltr'>legitur,</span> <span class='ocrx_word' id='word_1_11' title='bbox 1213 374 1303 420; x_wconf 85' lang='lat' dir='ltr'>sine</span> <span class='ocrx_word' id='word_1_12' title='bbox 1336 387 1414 423; x_wconf 84' lang='lat' dir='ltr'>tu·-</span> 
     </span>
     <span class='ocr_line' id='line_1_3' title="bbox 52 442 1412 498; baseline 0.001 -5"><span class='ocrx_word' id='word_1_13' title='bbox 52 446 192 494; x_wconf 89' lang='lat' dir='ltr'>multu</span> <span class='ocrx_word' id='word_1_14' title='bbox 214 456 256 491; x_wconf 88' lang='lat' dir='ltr'>et</span> <span class='ocrx_word' id='word_1_15' title='bbox 286 444 634 491; x_wconf 85' lang='lat' dir='ltr'>contentionibus</span> <span class='ocrx_word' id='word_1_16' title='bbox 666 443 835 498; x_wconf 85' lang='lat' dir='ltr'>audite,</span> <span class='ocrx_word' id='word_1_17' title='bbox 868 459 948 488; x_wconf 87' lang='lat' dir='ltr'>nec</span> <span class='ocrx_word' id='word_1_18' title='bbox 979 442 1081 488; x_wconf 80' lang='lat' dir='ltr'>solae</span> <span class='ocrx_word' id='word_1_19' title='bbox 1112 444 1234 489; x_wconf 83' lang='lat' dir='ltr'>vobis</span> <span class='ocrx_word' id='word_1_20' title='bbox 1268 444 1412 494; x_wconf 85' lang='lat' dir='ltr'>fauces</span> 
     </span>
     <span class='ocr_line' id='line_1_4' title="bbox 52 513 1244 570; baseline -0.003 -7"><span class='ocrx_word' id='word_1_21' title='bbox 52 526 224 567; x_wconf 88' lang='lat' dir='ltr'>sumant</span> <span class='ocrx_word' id='word_1_22' title='bbox 240 515 388 561; x_wconf 91' lang='lat' dir='ltr'>cibum</span> <span class='ocrx_word' id='word_1_23' title='bbox 407 552 419 570; x_wconf 87' lang='lat'>,</span> <span class='ocrx_word' id='word_1_24' title='bbox 445 514 518 560; x_wconf 88' lang='lat' dir='ltr'>sed</span> <span class='ocrx_word' id='word_1_25' title='bbox 542 524 582 560; x_wconf 89' lang='lat' dir='ltr'>et</span> <span class='ocrx_word' id='word_1_26' title='bbox 603 531 723 560; x_wconf 87' lang='lat' dir='ltr'>aures</span> <span class='ocrx_word' id='word_1_27' title='bbox 740 513 928 559; x_wconf 83' lang='lat' dir='ltr'>esuriant</span> <span class='ocrx_word' id='word_1_28' title='bbox 955 513 1032 558; x_wconf 85' lang='lat' dir='ltr'>Dei</span> <span class='ocrx_word' id='word_1_29' title='bbox 1048 513 1244 561; x_wconf 82' lang='lat' dir='ltr'>verbum.</span> 
     </span>
    </p>

    <p class='ocr_par' dir='ltr' id='par_1_3' title="bbox 53 583 1446 2565">
     <span class='ocr_line' id='line_1_5' title="bbox 116 583 1416 648; baseline 0.001 -15"><span class='ocrx_word' id='word_1_30' title='bbox 116 587 168 634; x_wconf 91' lang='lat' dir='ltr'>V.</span> <span class='ocrx_word' id='word_1_31' title='bbox 210 586 297 644; x_wconf 85' lang='lat' dir='ltr'>Qui</span> <span class='ocrx_word' id='word_1_32' title='bbox 321 585 482 632; x_wconf 82' lang='lat' dir='ltr'>infirmi</span> <span class='ocrx_word' id='word_1_33' title='bbox 497 596 597 632; x_wconf 91' lang='lat' dir='ltr'>sunt</span> <span class='ocrx_word' id='word_1_34' title='bbox 613 602 660 630; x_wconf 85' lang='lat' dir='ltr'>ex</span> <span class='ocrx_word' id='word_1_35' title='bbox 677 585 859 648; x_wconf 86' lang='lat' dir='ltr'>pristina</span> <span class='ocrx_word' id='word_1_36' title='bbox 882 583 1214 641; x_wconf 86' lang='lat' dir='ltr'>consuetudine,</span> <span class='ocrx_word' id='word_1_37' title='bbox 1241 585 1273 631; x_wconf 87' lang='lat' dir='ltr'>si</span> <span class='ocrx_word' id='word_1_38' title='bbox 1294 587 1416 634; x_wconf 85' lang='lat' dir='ltr'>aliter</span> 
     </span>
     <span class='ocr_line' id='line_1_6' title="bbox 55 653 1416 712; baseline 0 -9"><span class='ocrx_word' id='word_1_39' title='bbox 55 667 293 704; x_wconf 80' lang='lat' dir='ltr'>tractantur</span> <span class='ocrx_word' id='word_1_40' title='bbox 316 656 361 701; x_wconf 89' lang='lat' dir='ltr'>in</span> <span class='ocrx_word' id='word_1_41' title='bbox 383 657 529 712; x_wconf 90' lang='lat' dir='ltr'>victu,</span> <span class='ocrx_word' id='word_1_42' title='bbox 556 673 642 701; x_wconf 90' lang='lat' dir='ltr'>non</span> <span class='ocrx_word' id='word_1_43' title='bbox 668 655 797 701; x_wconf 86' lang='lat' dir='ltr'>debet</span> <span class='ocrx_word' id='word_1_44' title='bbox 827 653 920 700; x_wconf 89' lang='lat' dir='ltr'>aliis</span> <span class='ocrx_word' id='word_1_45' title='bbox 945 653 1171 700; x_wconf 88' lang='lat' dir='ltr'>molestum</span> <span class='ocrx_word' id='word_1_46' title='bbox 1194 672 1280 701; x_wconf 85' lang='lat' dir='ltr'>esse</span> <span class='ocrx_word' id='word_1_47' title='bbox 1298 694 1309 712; x_wconf 80' lang='lat'>,</span> <span class='ocrx_word' id='word_1_48' title='bbox 1337 675 1416 705; x_wconf 90' lang='lat' dir='ltr'>nec</span> 
     </span>
     <span class='ocr_line' id='line_1_7' title="bbox 53 724 1411 789; baseline 0 -15"><span class='ocrx_word' id='word_1_49' title='bbox 53 729 261 788; x_wconf 86' lang='lat' dir='ltr'>injustum</span> <span class='ocrx_word' id='word_1_50' title='bbox 283 726 421 772; x_wconf 87' lang='lat' dir='ltr'>videri</span> <span class='ocrx_word' id='word_1_51' title='bbox 439 727 518 782; x_wconf 89' lang='lat' dir='ltr'>eis,</span> <span class='ocrx_word' id='word_1_52' title='bbox 547 743 654 789; x_wconf 92' lang='lat' dir='ltr'>quos</span> <span class='ocrx_word' id='word_1_53' title='bbox 684 725 785 771; x_wconf 78' lang='lat' dir='ltr'>fecit</span> <span class='ocrx_word' id='word_1_54' title='bbox 807 724 889 770; x_wconf 84' lang='lat' dir='ltr'>alia</span> <span class='ocrx_word' id='word_1_55' title='bbox 907 724 1175 771; x_wconf 85' lang='lat' dir='ltr'>consuetudo</span> <span class='ocrx_word' id='word_1_56' title='bbox 1201 725 1411 778; x_wconf 87' lang='lat' dir='ltr'>fortiores.</span> 
     </span>
     <span class='ocr_line' id='line_1_8' title="bbox 55 795 1420 860; baseline 0.001 -16"><span class='ocrx_word' id='word_1_57' title='bbox 55 800 144 845; x_wconf 62' lang='lat' dir='ltr'>hec</span> <span class='ocrx_word' id='word_1_58' title='bbox 167 797 261 844; x_wconf 84' lang='lat' dir='ltr'>illos</span> <span class='ocrx_word' id='word_1_59' title='bbox 280 795 487 843; x_wconf 85' lang='lat' dir='ltr'>feliciores</span> <span class='ocrx_word' id='word_1_60' title='bbox 505 807 675 860; x_wconf 84' lang='lat' dir='ltr'>putent,</span> <span class='ocrx_word' id='word_1_61' title='bbox 695 797 796 859; x_wconf 88' lang='lat' dir='ltr'>quia</span> <span class='ocrx_word' id='word_1_62' title='bbox 811 806 990 841; x_wconf 86' lang='lat' dir='ltr'>sumunt</span> <span class='ocrx_word' id='word_1_63' title='bbox 1005 796 1123 859; x_wconf 89' lang='lat' dir='ltr'>quod</span> <span class='ocrx_word' id='word_1_64' title='bbox 1142 813 1228 842; x_wconf 90' lang='lat' dir='ltr'>non</span> <span class='ocrx_word' id='word_1_65' title='bbox 1243 810 1420 845; x_wconf 89' lang='lat' dir='ltr'>sumunt</span> 
     </span>
     <span class='ocr_line' id='line_1_9' title="bbox 54 866 1419 932; baseline 0.001 -17"><span class='ocrx_word' id='word_1_66' title='bbox 54 868 136 932; x_wconf 87' lang='lat' dir='ltr'>ipsi</span> <span class='ocrx_word' id='word_1_67' title='bbox 157 885 167 912; x_wconf 76' lang='grc' dir='ltr'><strong><em>ι</em></strong></span> <span class='ocrx_word' id='word_1_68' title='bbox 193 867 266 913; x_wconf 89' lang='lat' dir='ltr'>sed</span> <span class='ocrx_word' id='word_1_69' title='bbox 294 868 378 913; x_wconf 86' lang='lat' dir='ltr'>sibi</span> <span class='ocrx_word' id='word_1_70' title='bbox 399 869 544 931; x_wconf 87' lang='lat' dir='ltr'>potius</span> <span class='ocrx_word' id='word_1_71' title='bbox 566 866 858 928; x_wconf 81' lang='lat' dir='ltr'>gratulentur,</span> <span class='ocrx_word' id='word_1_72' title='bbox 886 867 989 930; x_wconf 86' lang='lat' dir='ltr'>quia</span> <span class='ocrx_word' id='word_1_73' title='bbox 1013 867 1157 913; x_wconf 83' lang='lat' dir='ltr'>valent</span> <span class='ocrx_word' id='word_1_74' title='bbox 1185 868 1304 931; x_wconf 88' lang='lat' dir='ltr'>quod</span> <span class='ocrx_word' id='word_1_75' title='bbox 1332 886 1419 917; x_wconf 90' lang='lat' dir='ltr'>non</span> 
     </span>
     <span class='ocr_line' id='line_1_10' title="bbox 55 938 1420 1002; baseline -0.001 -15"><span class='ocrx_word' id='word_1_76' title='bbox 55 938 199 987; x_wconf 82' lang='lat' dir='ltr'>valent</span> <span class='ocrx_word' id='word_1_77' title='bbox 219 938 295 985; x_wconf 90' lang='lat' dir='ltr'>illi.</span> <span class='ocrx_word' id='word_1_78' title='bbox 328 940 384 984; x_wconf 86' lang='lat' dir='ltr'>Et</span> <span class='ocrx_word' id='word_1_79' title='bbox 403 939 437 984; x_wconf 88' lang='lat' dir='ltr'>si</span> <span class='ocrx_word' id='word_1_80' title='bbox 460 939 517 984; x_wconf 90' lang='lat' dir='ltr'>eis</span> <span class='ocrx_word' id='word_1_81' title='bbox 536 975 547 994; x_wconf 88' lang='lat'>,</span> <span class='ocrx_word' id='word_1_82' title='bbox 576 939 652 1002; x_wconf 91' lang='lat' dir='ltr'>qui</span> <span class='ocrx_word' id='word_1_83' title='bbox 674 948 883 984; x_wconf 84' lang='lat' dir='ltr'>venerunt</span> <span class='ocrx_word' id='word_1_84' title='bbox 906 955 954 982; x_wconf 78' lang='lat' dir='ltr'>ex</span> <span class='ocrx_word' id='word_1_85' title='bbox 976 939 1170 984; x_wconf 90' lang='lat' dir='ltr'>moribus</span> <span class='ocrx_word' id='word_1_86' title='bbox 1192 939 1420 985; x_wconf 75' lang='lat' dir='ltr'>delicatio—</span> 
     </span>
     <span class='ocr_line' id='line_1_11' title="bbox 56 1007 1421 1071; baseline 0.001 -16"><span class='ocrx_word' id='word_1_87' title='bbox 56 1009 176 1056; x_wconf 88' lang='lat' dir='ltr'>ribus</span> <span class='ocrx_word' id='word_1_88' title='bbox 203 1009 256 1054; x_wconf 87' lang='lat' dir='ltr'>ad</span> <span class='ocrx_word' id='word_1_89' title='bbox 274 1009 581 1055; x_wconf 85' lang='lat' dir='ltr'>monasterium</span> <span class='ocrx_word' id='word_1_90' title='bbox 600 1046 610 1065; x_wconf 76' lang='grc'><em>,</em></span> <span class='ocrx_word' id='word_1_91' title='bbox 646 1008 810 1071; x_wconf 87' lang='lat' dir='ltr'>aliquid</span> <span class='ocrx_word' id='word_1_92' title='bbox 840 1007 1167 1066; x_wconf 79' lang='lat' dir='ltr'>alimentorum,</span> <span class='ocrx_word' id='word_1_93' title='bbox 1188 1010 1421 1057; x_wconf 81' lang='lat' dir='ltr'>vestimen-</span> 
     </span>
     <span class='ocr_line' id='line_1_12' title="bbox 56 1080 1425 1145; baseline 0.001 -19"><span class='ocrx_word' id='word_1_94' title='bbox 56 1092 198 1126; x_wconf 88' lang='lat' dir='ltr'>torum</span> <span class='ocrx_word' id='word_1_95' title='bbox 213 1118 223 1137; x_wconf 85' lang='lat'>,</span> <span class='ocrx_word' id='word_1_96' title='bbox 249 1091 579 1126; x_wconf 77' lang='lat' dir='ltr'>stramentorum</span> <span class='ocrx_word' id='word_1_97' title='bbox 598 1118 609 1137; x_wconf 88' lang='lat'><strong><em>‚</em></strong></span> <span class='ocrx_word' id='word_1_98' title='bbox 631 1080 995 1143; x_wconf 78' lang='lat' dir='ltr'>operimentorum</span> <span class='ocrx_word' id='word_1_99' title='bbox 1020 1080 1173 1138; x_wconf 87' lang='lat' dir='ltr'>datur,</span> <span class='ocrx_word' id='word_1_100' title='bbox 1195 1081 1315 1145; x_wconf 85' lang='lat' dir='ltr'>quod</span> <span class='ocrx_word' id='word_1_101' title='bbox 1333 1082 1425 1129; x_wconf 87' lang='lat' dir='ltr'>aliis</span> 
     </span>
     <span class='ocr_line' id='line_1_13' title="bbox 56 1151 1423 1211; baseline 0 -13"><span class='ocrx_word' id='word_1_102' title='bbox 56 1151 331 1208; x_wconf 86' lang='lat' dir='ltr'>fortioribus,</span> <span class='ocrx_word' id='word_1_103' title='bbox 357 1162 399 1197; x_wconf 90' lang='lat' dir='ltr'>et</span> <span class='ocrx_word' id='word_1_104' title='bbox 418 1151 513 1196; x_wconf 85' lang='lat' dir='ltr'>idco</span> <span class='ocrx_word' id='word_1_105' title='bbox 537 1151 801 1197; x_wconf 82' lang='lat' dir='ltr'>felicioribus</span> <span class='ocrx_word' id='word_1_106' title='bbox 826 1167 913 1196; x_wconf 88' lang='lat' dir='ltr'>non</span> <span class='ocrx_word' id='word_1_107' title='bbox 940 1151 1093 1208; x_wconf 85' lang='lat' dir='ltr'>datur,</span> <span class='ocrx_word' id='word_1_108' title='bbox 1124 1154 1312 1211; x_wconf 85' lang='lat' dir='ltr'>cogitare</span> <span class='ocrx_word' id='word_1_109' title='bbox 1342 1152 1423 1198; x_wconf 90' lang='lat' dir='ltr'>de-</span> 
     </span>
     <span class='ocr_line' id='line_1_14' title="bbox 57 1220 1426 1286; baseline -0.001 -16"><span class='ocrx_word' id='word_1_110' title='bbox 57 1225 161 1271; x_wconf 84' lang='lat' dir='ltr'>bent</span> <span class='ocrx_word' id='word_1_111' title='bbox 181 1222 341 1286; x_wconf 84' lang='lat' dir='ltr'>quibus</span> <span class='ocrx_word' id='word_1_112' title='bbox 361 1239 448 1267; x_wconf 90' lang='lat' dir='ltr'>non</span> <span class='ocrx_word' id='word_1_113' title='bbox 468 1221 622 1278; x_wconf 78' lang='lat' dir='ltr'>datur,</span> <span class='ocrx_word' id='word_1_114' title='bbox 644 1231 858 1285; x_wconf 83' lang='lat' dir='ltr'>quantum</span> <span class='ocrx_word' id='word_1_115' title='bbox 879 1220 932 1265; x_wconf 89' lang='lat' dir='ltr'>de</span> <span class='ocrx_word' id='word_1_116' title='bbox 951 1238 1026 1266; x_wconf 91' lang='lat' dir='ltr'>sua</span> <span class='ocrx_word' id='word_1_117' title='bbox 1046 1222 1242 1267; x_wconf 85' lang='lat' dir='ltr'>saeculari</span> <span class='ocrx_word' id='word_1_118' title='bbox 1257 1223 1345 1268; x_wconf 79' lang='lat' dir='ltr'>vita</span> <span class='ocrx_word' id='word_1_119' title='bbox 1361 1223 1426 1270; x_wconf 88' lang='lat' dir='ltr'>illi</span> 
     </span>
     <span class='ocr_line' id='line_1_15' title="bbox 59 1291 1427 1356; baseline 0 -16"><span class='ocrx_word' id='word_1_120' title='bbox 59 1293 113 1341; x_wconf 88' lang='lat' dir='ltr'>ad</span> <span class='ocrx_word' id='word_1_121' title='bbox 134 1294 258 1339; x_wconf 87' lang='lat' dir='ltr'>istam</span> <span class='ocrx_word' id='word_1_122' title='bbox 286 1292 608 1347; x_wconf 82' lang='lat' dir='ltr'>descenderint,</span> <span class='ocrx_word' id='word_1_123' title='bbox 641 1295 839 1354; x_wconf 75' lang='lat' dir='ltr'>quamvis</span> <span class='ocrx_word' id='word_1_124' title='bbox 866 1307 1000 1353; x_wconf 87' lang='lat' dir='ltr'>usque</span> <span class='ocrx_word' id='word_1_125' title='bbox 1029 1291 1083 1336; x_wconf 82' lang='lat' dir='ltr'>ad</span> <span class='ocrx_word' id='word_1_126' title='bbox 1113 1292 1325 1350; x_wconf 86' lang='lat' dir='ltr'>aliorum,</span> <span class='ocrx_word' id='word_1_127' title='bbox 1351 1294 1427 1356; x_wconf 92' lang='lat' dir='ltr'>qui</span> 
     </span>
     <span class='ocr_line' id='line_1_16' title="bbox 59 1361 1426 1426; baseline -0.001 -15"><span class='ocrx_word' id='word_1_128' title='bbox 59 1374 158 1412; x_wconf 89' lang='lat' dir='ltr'>sunt</span> <span class='ocrx_word' id='word_1_129' title='bbox 184 1379 365 1426; x_wconf 85' lang='lat' dir='ltr'>corpore</span> <span class='ocrx_word' id='word_1_130' title='bbox 391 1362 625 1417; x_wconf 88' lang='lat' dir='ltr'>firmiores,</span> <span class='ocrx_word' id='word_1_131' title='bbox 651 1361 943 1420; x_wconf 78' lang='lat' dir='ltr'>frugalitatem</span> <span class='ocrx_word' id='word_1_132' title='bbox 966 1362 1190 1423; x_wconf 85' lang='lat' dir='ltr'>pervenire</span> <span class='ocrx_word' id='word_1_133' title='bbox 1215 1364 1426 1426; x_wconf 77' lang='lat' dir='ltr'>nequive-</span> 
     </span>
     <span class='ocr_line' id='line_1_17' title="bbox 58 1430 1422 1497; baseline -0.001 -16"><span class='ocrx_word' id='word_1_134' title='bbox 58 1435 159 1482; x_wconf 88' lang='lat' dir='ltr'>rint.</span> <span class='ocrx_word' id='word_1_135' title='bbox 181 1434 218 1479; x_wconf 68' lang='lat' dir='ltr'>N</span> <span class='ocrx_word' id='word_1_136' title='bbox 223 1450 271 1478; x_wconf 91' lang='lat' dir='ltr'>ec</span> <span class='ocrx_word' id='word_1_137' title='bbox 284 1433 443 1478; x_wconf 83' lang='lat' dir='ltr'>debent</span> <span class='ocrx_word' id='word_1_138' title='bbox 456 1432 562 1478; x_wconf 81' lang='lat' dir='ltr'>velle</span> <span class='ocrx_word' id='word_1_139' title='bbox 575 1448 737 1487; x_wconf 88' lang='lat' dir='ltr'>omnes,</span> <span class='ocrx_word' id='word_1_140' title='bbox 750 1430 870 1495; x_wconf 88' lang='lat' dir='ltr'>quod</span> <span class='ocrx_word' id='word_1_141' title='bbox 885 1448 1048 1494; x_wconf 83' lang='lat' dir='ltr'>paucos</span> <span class='ocrx_word' id='word_1_142' title='bbox 1060 1432 1208 1478; x_wconf 74' lang='lat' dir='ltr'>vident</span> <span class='ocrx_word' id='word_1_143' title='bbox 1220 1433 1422 1497; x_wconf 89' lang='lat' dir='ltr'>amplius,</span> 
     </span>
     <span class='ocr_line' id='line_1_18' title="bbox 60 1501 1427 1567; baseline -0.001 -16"><span class='ocrx_word' id='word_1_144' title='bbox 60 1522 147 1552; x_wconf 92' lang='lat' dir='ltr'>non</span> <span class='ocrx_word' id='word_1_145' title='bbox 163 1504 239 1567; x_wconf 90' lang='lat' dir='ltr'>qui</span> <span class='ocrx_word' id='word_1_146' title='bbox 254 1504 554 1559; x_wconf 83' lang='lat' dir='ltr'>honorantur,</span> <span class='ocrx_word' id='word_1_147' title='bbox 586 1501 659 1547; x_wconf 87' lang='lat' dir='ltr'>sed</span> <span class='ocrx_word' id='word_1_148' title='bbox 687 1502 789 1565; x_wconf 82' lang='lat' dir='ltr'>quia</span> <span class='ocrx_word' id='word_1_149' title='bbox 816 1501 1083 1558; x_wconf 79' lang='lat' dir='ltr'>tolerantur,</span> <span class='ocrx_word' id='word_1_150' title='bbox 1112 1504 1309 1566; x_wconf 83' lang='lat' dir='ltr'>accipere</span> <span class='ocrx_word' id='word_1_151' title='bbox 1333 1523 1342 1549; x_wconf 93' lang='lat'><strong>:</strong></span> <span class='ocrx_word' id='word_1_152' title='bbox 1372 1522 1427 1551; x_wconf 89' lang='grc'>116</span> 
     </span>
     <span class='ocr_line' id='line_1_19' title="bbox 61 1572 1429 1637; baseline 0.001 -16"><span class='ocrx_word' id='word_1_153' title='bbox 61 1576 282 1634; x_wconf 85' lang='lat' dir='ltr'>contingat</span> <span class='ocrx_word' id='word_1_154' title='bbox 301 1573 548 1620; x_wconf 84' lang='lat' dir='ltr'>detestanda</span> <span class='ocrx_word' id='word_1_155' title='bbox 575 1573 828 1637; x_wconf 82' lang='lat' dir='ltr'>perversitas</span> <span class='ocrx_word' id='word_1_156' title='bbox 845 1609 855 1628; x_wconf 93' lang='lat'>,</span> <span class='ocrx_word' id='word_1_157' title='bbox 881 1582 931 1617; x_wconf 83' lang='lat' dir='ltr'>ut</span> <span class='ocrx_word' id='word_1_158' title='bbox 954 1572 1000 1618; x_wconf 92' lang='lat' dir='ltr'>in</span> <span class='ocrx_word' id='word_1_159' title='bbox 1026 1575 1283 1620; x_wconf 87' lang='lat' dir='ltr'>monasterio</span> <span class='ocrx_word' id='word_1_160' title='bbox 1303 1612 1314 1632; x_wconf 91' lang='lat'>,</span> <span class='ocrx_word' id='word_1_161' title='bbox 1351 1577 1429 1622; x_wconf 88' lang='lat' dir='ltr'>ubi</span> 
     </span>
     <span class='ocr_line' id='line_1_20' title="bbox 61 1643 1432 1711; baseline 0.001 -20"><span class='ocrx_word' id='word_1_162' title='bbox 61 1656 275 1711; x_wconf 87' lang='lat' dir='ltr'>quantum</span> <span class='ocrx_word' id='word_1_163' title='bbox 299 1655 504 1709; x_wconf 83' lang='lat' dir='ltr'>possunt,</span> <span class='ocrx_word' id='word_1_164' title='bbox 530 1645 642 1691; x_wconf 90' lang='lat' dir='ltr'>fiunt</span> <span class='ocrx_word' id='word_1_165' title='bbox 662 1643 814 1689; x_wconf 73' lang='lat' dir='ltr'>divites</span> <span class='ocrx_word' id='word_1_166' title='bbox 831 1643 1037 1689; x_wconf 76' lang='lat' dir='ltr'>laboriosi</span> <span class='ocrx_word' id='word_1_167' title='bbox 1054 1681 1066 1701; x_wconf 86' lang='lat'>,</span> <span class='ocrx_word' id='word_1_168' title='bbox 1098 1645 1203 1691; x_wconf 88' lang='lat' dir='ltr'>fiant</span> <span class='ocrx_word' id='word_1_169' title='bbox 1219 1663 1432 1710; x_wconf 81' lang='lat' dir='ltr'>pauperes</span> 
     </span>
     <span class='ocr_line' id='line_1_21' title="bbox 63 1716 1434 1782; baseline 0.001 -18"><span class='ocrx_word' id='word_1_170' title='bbox 63 1718 249 1764; x_wconf 83' lang='lat' dir='ltr'>delicati.</span> <span class='ocrx_word' id='word_1_171' title='bbox 279 1718 389 1764; x_wconf 86' lang='lat' dir='ltr'>Sane</span> <span class='ocrx_word' id='word_1_172' title='bbox 407 1716 774 1782; x_wconf 83' lang='lat' dir='ltr'>quemadmodum</span> <span class='ocrx_word' id='word_1_173' title='bbox 797 1727 1052 1776; x_wconf 61' lang='lat' dir='ltr'>aegrotantes</span> <span class='ocrx_word' id='word_1_174' title='bbox 1073 1734 1238 1763; x_wconf 85' lang='lat' dir='ltr'>necesse</span> <span class='ocrx_word' id='word_1_175' title='bbox 1268 1719 1434 1765; x_wconf 88' lang='lat' dir='ltr'>habent</span> 
     </span>
     <span class='ocr_line' id='line_1_22' title="bbox 63 1787 1433 1852; baseline 0.001 -18"><span class='ocrx_word' id='word_1_176' title='bbox 63 1789 204 1835; x_wconf 88' lang='lat' dir='ltr'>minus</span> <span class='ocrx_word' id='word_1_177' title='bbox 231 1788 427 1852; x_wconf 87' lang='lat' dir='ltr'>accipere</span> <span class='ocrx_word' id='word_1_178' title='bbox 444 1825 455 1844; x_wconf 91' lang='lat'>,</span> <span class='ocrx_word' id='word_1_179' title='bbox 489 1805 542 1834; x_wconf 90' lang='lat' dir='ltr'>ne</span> <span class='ocrx_word' id='word_1_180' title='bbox 565 1797 796 1847; x_wconf 82' lang='lat' dir='ltr'>graventur</span> <span class='ocrx_word' id='word_1_181' title='bbox 818 1804 828 1831; x_wconf 74' lang='grc' dir='ltr'>ε</span> <span class='ocrx_word' id='word_1_182' title='bbox 856 1787 917 1832; x_wconf 83' lang='lat' dir='ltr'>ita</span> <span class='ocrx_word' id='word_1_183' title='bbox 941 1798 983 1833; x_wconf 90' lang='lat' dir='ltr'>et</span> <span class='ocrx_word' id='word_1_184' title='bbox 1008 1798 1108 1851; x_wconf 84' lang='lat' dir='ltr'>post</span> <span class='ocrx_word' id='word_1_185' title='bbox 1132 1789 1433 1849; x_wconf 68' lang='lat' dir='ltr'>aegritudinem</span> 
     </span>
     <span class='ocr_line' id='line_1_23' title="bbox 64 1858 1435 1916; baseline 0.001 -10"><span class='ocrx_word' id='word_1_186' title='bbox 64 1859 123 1906; x_wconf 87' lang='lat' dir='ltr'>sic</span> <span class='ocrx_word' id='word_1_187' title='bbox 148 1859 363 1906; x_wconf 86' lang='lat' dir='ltr'>tractandi</span> <span class='ocrx_word' id='word_1_188' title='bbox 385 1870 509 1916; x_wconf 88' lang='lat' dir='ltr'>sunt,</span> <span class='ocrx_word' id='word_1_189' title='bbox 544 1869 592 1904; x_wconf 92' lang='lat' dir='ltr'>ut</span> <span class='ocrx_word' id='word_1_190' title='bbox 621 1858 748 1904; x_wconf 88' lang='lat' dir='ltr'>citius</span> <span class='ocrx_word' id='word_1_191' title='bbox 777 1869 1048 1915; x_wconf 87' lang='lat' dir='ltr'>recreentur,</span> <span class='ocrx_word' id='word_1_192' title='bbox 1077 1859 1241 1905; x_wconf 85' lang='lat' dir='ltr'>etiamsi</span> <span class='ocrx_word' id='word_1_193' title='bbox 1264 1860 1317 1906; x_wconf 86' lang='lat' dir='ltr'>de</span> <span class='ocrx_word' id='word_1_194' title='bbox 1343 1861 1435 1907; x_wconf 92' lang='lat' dir='ltr'>hu-</span> 
     </span>
     <span class='ocr_line' id='line_1_24' title="bbox 64 1929 1438 1994; baseline 0.001 -19"><span class='ocrx_word' id='word_1_195' title='bbox 64 1929 245 1976; x_wconf 85' lang='lat' dir='ltr'>millima</span> <span class='ocrx_word' id='word_1_196' title='bbox 277 1930 424 1977; x_wconf 87' lang='lat' dir='ltr'>saeculi</span> <span class='ocrx_word' id='word_1_197' title='bbox 460 1938 715 1994; x_wconf 84' lang='lat' dir='ltr'>paupertate</span> <span class='ocrx_word' id='word_1_198' title='bbox 740 1939 979 1982; x_wconf 80' lang='lat' dir='ltr'>venerunt3</span> <span class='ocrx_word' id='word_1_199' title='bbox 1007 1939 1214 1993; x_wconf 82' lang='lat' dir='ltr'>tanquam</span> <span class='ocrx_word' id='word_1_200' title='bbox 1244 1930 1331 1976; x_wconf 96' lang='grc'><strong>1106</strong></span> <span class='ocrx_word' id='word_1_201' title='bbox 1354 1930 1438 1976; x_wconf 90' lang='lat' dir='ltr'>illis</span> 
     </span>
     <span class='ocr_line' id='line_1_25' title="bbox 67 1999 1441 2062; baseline -0.001 -14"><span class='ocrx_word' id='word_1_202' title='bbox 67 2001 298 2048; x_wconf 85' lang='lat' dir='ltr'>contulerit</span> <span class='ocrx_word' id='word_1_203' title='bbox 327 2002 540 2048; x_wconf 89' lang='lat' dir='ltr'>recentior</span> <span class='ocrx_word' id='word_1_204' title='bbox 575 1999 816 2060; x_wconf 68' lang='lat' dir='ltr'>aegritudo,</span> <span class='ocrx_word' id='word_1_205' title='bbox 851 1999 970 2062; x_wconf 90' lang='lat' dir='ltr'>quod</span> <span class='ocrx_word' id='word_1_206' title='bbox 1011 1999 1221 2046; x_wconf 68' lang='lat' dir='ltr'>dixitibus</span> <span class='ocrx_word' id='word_1_207' title='bbox 1254 2002 1441 2048; x_wconf 89' lang='lat' dir='ltr'>anterior</span> 
     </span>
     <span class='ocr_line' id='line_1_26' title="bbox 73 2070 1444 2133; baseline -0.001 -15"><span class='ocrx_word' id='word_1_208' title='bbox 73 2072 353 2119; x_wconf 83' lang='lat' dir='ltr'>consuetudo.</span> <span class='ocrx_word' id='word_1_209' title='bbox 391 2072 475 2118; x_wconf 87' lang='lat' dir='ltr'>Sed</span> <span class='ocrx_word' id='word_1_210' title='bbox 504 2089 605 2118; x_wconf 89' lang='grc'><strong>611111</strong></span> <span class='ocrx_word' id='word_1_211' title='bbox 637 2072 749 2117; x_wconf 84' lang='lat' dir='ltr'>vires</span> <span class='ocrx_word' id='word_1_212' title='bbox 782 2070 983 2133; x_wconf 80' lang='lat' dir='ltr'>pristinas</span> <span class='ocrx_word' id='word_1_213' title='bbox 1018 2072 1341 2133; x_wconf 78' lang='lat' dir='ltr'>reparaverint,</span> <span class='ocrx_word' id='word_1_214' title='bbox 1371 2089 1444 2118; x_wconf 88' lang='lat' dir='ltr'>re·-</span> 
     </span>
     <span class='ocr_line' id='line_1_27' title="bbox 72 2142 1445 2206; baseline 0 -16"><span class='ocrx_word' id='word_1_215' title='bbox 72 2144 203 2197; x_wconf 81' lang='lat' dir='ltr'>deant</span> <span class='ocrx_word' id='word_1_216' title='bbox 222 2143 276 2190; x_wconf 90' lang='lat' dir='ltr'>ad</span> <span class='ocrx_word' id='word_1_217' title='bbox 296 2143 530 2191; x_wconf 87' lang='lat' dir='ltr'>feliciorem</span> <span class='ocrx_word' id='word_1_218' title='bbox 556 2142 911 2190; x_wconf 86' lang='lat' dir='ltr'>consuetudinem</span> <span class='ocrx_word' id='word_1_219' title='bbox 945 2158 1064 2187; x_wconf 84' lang='lat' dir='ltr'>suam</span> <span class='ocrx_word' id='word_1_220' title='bbox 1093 2159 1103 2186; x_wconf 89' lang='lat'>:</span> <span class='ocrx_word' id='word_1_221' title='bbox 1141 2160 1239 2206; x_wconf 85' lang='lat' dir='ltr'>quae</span> <span class='ocrx_word' id='word_1_222' title='bbox 1260 2142 1445 2190; x_wconf 84' lang='lat' dir='ltr'>famulos</span> 
     </span>
     <span class='ocr_line' id='line_1_28' title="bbox 74 2212 1441 2281; baseline -0.002 -18"><span class='ocrx_word' id='word_1_223' title='bbox 74 2218 153 2263; x_wconf 82' lang='lat' dir='ltr'>Dei</span> <span class='ocrx_word' id='word_1_224' title='bbox 174 2228 293 2264; x_wconf 88' lang='lat' dir='ltr'>tanto</span> <span class='ocrx_word' id='word_1_225' title='bbox 313 2217 498 2281; x_wconf 90' lang='lat' dir='ltr'>amplius</span> <span class='ocrx_word' id='word_1_226' title='bbox 522 2216 666 2272; x_wconf 88' lang='lat' dir='ltr'>decet,</span> <span class='ocrx_word' id='word_1_227' title='bbox 689 2223 852 2277; x_wconf 81' lang='lat' dir='ltr'>quanto</span> <span class='ocrx_word' id='word_1_228' title='bbox 872 2212 1013 2258; x_wconf 86' lang='lat' dir='ltr'>minus</span> <span class='ocrx_word' id='word_1_229' title='bbox 1034 2212 1230 2273; x_wconf 87' lang='lat' dir='ltr'>indigent</span> <span class='ocrx_word' id='word_1_230' title='bbox 1252 2232 1263 2259; x_wconf 94' lang='lat'>:</span> <span class='ocrx_word' id='word_1_231' title='bbox 1284 2231 1363 2260; x_wconf 91' lang='lat' dir='ltr'>nec</span> <span class='ocrx_word' id='word_1_232' title='bbox 1378 2215 1441 2261; x_wconf 90' lang='lat' dir='ltr'>ibi</span> 
     </span>
     <span class='ocr_line' id='line_1_29' title="bbox 76 2285 1446 2352; baseline -0.002 -18"><span class='ocrx_word' id='word_1_233' title='bbox 76 2305 146 2337; x_wconf 88' lang='lat' dir='ltr'>eos</span> <span class='ocrx_word' id='word_1_234' title='bbox 172 2298 312 2334; x_wconf 84' lang='lat' dir='ltr'>teneat</span> <span class='ocrx_word' id='word_1_235' title='bbox 334 2289 536 2352; x_wconf 76' lang='lat' dir='ltr'>voluptas</span> <span class='ocrx_word' id='word_1_236' title='bbox 562 2291 655 2347; x_wconf 85' lang='lat' dir='ltr'>jam</span> <span class='ocrx_word' id='word_1_237' title='bbox 681 2294 852 2344; x_wconf 88' lang='lat' dir='ltr'>vegetos</span> <span class='ocrx_word' id='word_1_238' title='bbox 868 2320 879 2340; x_wconf 82' lang='lat'>,</span> <span class='ocrx_word' id='word_1_239' title='bbox 915 2300 1004 2347; x_wconf 88' lang='lat' dir='ltr'>quo</span> <span class='ocrx_word' id='word_1_240' title='bbox 1035 2285 1260 2330; x_wconf 83' lang='lat' dir='ltr'>necessitas</span> <span class='ocrx_word' id='word_1_241' title='bbox 1285 2285 1446 2331; x_wconf 68' lang='lat' dir='ltr'>levarat</span> 
     </span>
     <span class='ocr_line' id='line_1_30' title="bbox 75 2353 1446 2419; baseline -0.003 -14"><span class='ocrx_word' id='word_1_242' title='bbox 75 2358 283 2406; x_wconf 85' lang='lat' dir='ltr'>infirmos.</span> <span class='ocrx_word' id='word_1_243' title='bbox 317 2359 418 2405; x_wconf 86' lang='lat' dir='ltr'>lllos</span> <span class='ocrx_word' id='word_1_244' title='bbox 441 2358 654 2405; x_wconf 84' lang='lat' dir='ltr'>aestiment</span> <span class='ocrx_word' id='word_1_245' title='bbox 673 2355 847 2401; x_wconf 78' lang='lat' dir='ltr'>ditiores</span> <span class='ocrx_word' id='word_1_246' title='bbox 862 2390 873 2409; x_wconf 79' lang='lat'>,</span> <span class='ocrx_word' id='word_1_247' title='bbox 901 2353 1042 2417; x_wconf 89' lang='lat' dir='ltr'>quiin</span> <span class='ocrx_word' id='word_1_248' title='bbox 1063 2355 1309 2401; x_wconf 88' lang='lat' dir='ltr'>sustinenda</span> <span class='ocrx_word' id='word_1_249' title='bbox 1338 2373 1446 2419; x_wconf 86' lang='lat' dir='ltr'>par-</span> 
     </span>
     <span class='ocr_line' id='line_1_31' title="bbox 78 2424 1444 2486; baseline -0.001 -11"><span class='ocrx_word' id='word_1_250' title='bbox 78 2430 206 2476; x_wconf 85' lang='lat' dir='ltr'>citate</span> <span class='ocrx_word' id='word_1_251' title='bbox 238 2429 397 2477; x_wconf 88' lang='lat' dir='ltr'>fuerint</span> <span class='ocrx_word' id='word_1_252' title='bbox 425 2429 634 2476; x_wconf 83' lang='lat' dir='ltr'>fortiores.</span> <span class='ocrx_word' id='word_1_253' title='bbox 678 2425 832 2472; x_wconf 82' lang='lat' dir='ltr'>Melius</span> <span class='ocrx_word' id='word_1_254' title='bbox 873 2434 935 2470; x_wconf 92' lang='lat' dir='ltr'>est</span> <span class='ocrx_word' id='word_1_255' title='bbox 972 2424 1085 2470; x_wconf 88' lang='lat' dir='ltr'>enim</span> <span class='ocrx_word' id='word_1_256' title='bbox 1118 2425 1260 2471; x_wconf 90' lang='lat' dir='ltr'>minus</span> <span class='ocrx_word' id='word_1_257' title='bbox 1295 2443 1444 2486; x_wconf 85' lang='lat' dir='ltr'>egere,</span> 
     </span>
     <span class='ocr_line' id='line_1_32' title="bbox 80 2500 528 2565; baseline -0.007 -16"><span class='ocrx_word' id='word_1_258' title='bbox 80 2518 212 2565; x_wconf 86' lang='lat' dir='ltr'>quam</span> <span class='ocrx_word' id='word_1_259' title='bbox 232 2500 332 2564; x_wconf 86' lang='lat' dir='ltr'>plus</span> <span class='ocrx_word' id='word_1_260' title='bbox 351 2500 528 2547; x_wconf 85' lang='lat' dir='ltr'>habere.</span> 
     </span>
    </p>

    <p class='ocr_par' dir='ltr' id='par_1_4' title="bbox 83 2566 1452 2706">
     <span class='ocr_line' id='line_1_33' title="bbox 145 2566 1451 2623; baseline -0.003 -5"><span class='ocrx_word' id='word_1_261' title='bbox 145 2572 221 2620; x_wconf 86' lang='lat' dir='ltr'>VI.</span> <span class='ocrx_word' id='word_1_262' title='bbox 264 2573 362 2618; x_wconf 86' lang='lat' dir='ltr'>Non</span> <span class='ocrx_word' id='word_1_263' title='bbox 398 2572 452 2618; x_wconf 86' lang='lat' dir='ltr'>sit</span> <span class='ocrx_word' id='word_1_264' title='bbox 485 2570 690 2617; x_wconf 85' lang='lat' dir='ltr'>notabilis</span> <span class='ocrx_word' id='word_1_265' title='bbox 723 2566 901 2614; x_wconf 87' lang='lat' dir='ltr'>habitus</span> <span class='ocrx_word' id='word_1_266' title='bbox 933 2576 1096 2623; x_wconf 86' lang='lat' dir='ltr'>vester,</span> <span class='ocrx_word' id='word_1_267' title='bbox 1135 2583 1214 2613; x_wconf 85' lang='lat' dir='ltr'>nec</span> <span class='ocrx_word' id='word_1_268' title='bbox 1249 2567 1451 2615; x_wconf 82' lang='lat' dir='ltr'>affectetis</span> 
     </span>
     <span class='ocr_line' id='line_1_34' title="bbox 83 2635 1452 2706; baseline -0.001 -18"><span class='ocrx_word' id='word_1_269' title='bbox 83 2642 273 2690; x_wconf 69' lang='lat' dir='ltr'>vestibus</span> <span class='ocrx_word' id='word_1_270' title='bbox 297 2641 495 2706; x_wconf 82' lang='lat' dir='ltr'>placere,</span> <span class='ocrx_word' id='word_1_271' title='bbox 525 2640 596 2687; x_wconf 89' lang='lat' dir='ltr'>sed</span> <span class='ocrx_word' id='word_1_272' title='bbox 629 2638 838 2685; x_wconf 79' lang='lat' dir='ltr'>moribus.</span> <span class='ocrx_word' id='word_1_273' title='bbox 880 2635 1069 2692; x_wconf 85' lang='lat' dir='ltr'>Quando</span> <span class='ocrx_word' id='word_1_274' title='bbox 1104 2637 1361 2701; x_wconf 72' lang='lat' dir='ltr'>proceditis,</span> <span class='ocrx_word' id='word_1_275' title='bbox 1389 2639 1452 2686; x_wconf 84' lang='lat' dir='ltr'>si-</span> 
     </span>
    </p>
   </div>
  </div>
 </body>
</html>
