<?xml version="1.0" encoding="UTF-8"?>
<!DOCTYPE html PUBLIC "-//W3C//DTD XHTML 1.0 Transitional//EN"
    "http://www.w3.org/TR/xhtml1/DTD/xhtml1-transitional.dtd">
<html xmlns="http://www.w3.org/1999/xhtml" xml:lang="en" lang="en">
 <head>
  <title>
</title>
<meta http-equiv="Content-Type" content="text/html;charset=utf-8" />
  <meta name='ocr-system' content='tesseract 3.04.00' />
  <meta name='ocr-capabilities' content='ocr_page ocr_carea ocr_par ocr_line ocrx_word'/>
</head>
<body>
  <div class='ocr_page' id='page_1' title='image "./operaomniaaccura26auguuoft/operaomniaaccura26auguuoft_0097.png"; bbox 0 0 1758 3246; ppageno 0'>
   <div class='ocr_carea' id='block_1_1' title="bbox 0 1074 8 1910">
    <p class='ocr_par' dir='ltr' id='par_1_1' title="bbox 0 1074 8 1910">
     <span class='ocr_line' id='line_1_1' title="bbox 0 1074 8 1910; baseline 0 0"><span class='ocrx_word' id='word_1_1' title='bbox 0 1074 8 1910; x_wconf 95' lang='lat' dir='ltr'> </span> 
     </span>
    </p>
   </div>
   <div class='ocr_carea' id='block_1_2' title="bbox 391 334 1461 402">
    <p class='ocr_par' dir='ltr' id='par_1_2' title="bbox 391 334 1461 402">
     <span class='ocr_line' id='line_1_2' title="bbox 391 334 1461 402; baseline 0.001 -17"><span class='ocrx_word' id='word_1_2' title='bbox 391 353 444 385; x_wconf 67' lang='lat' dir='ltr'>nr:</span> <span class='ocrx_word' id='word_1_3' title='bbox 480 353 580 384; x_wconf 73' lang='lat' dir='ltr'>run-2</span> <span class='ocrx_word' id='word_1_4' title='bbox 617 353 669 384; x_wconf 72' lang='lat' dir='ltr'>Er</span> <span class='ocrx_word' id='word_1_5' title='bbox 706 352 941 391; x_wconf 60' lang='lat' dir='ltr'>ommate,</span> <span class='ocrx_word' id='word_1_6' title='bbox 983 353 1070 385; x_wconf 69' lang='grc' dir='ltr'>ΜΒ.</span> <span class='ocrx_word' id='word_1_7' title='bbox 1113 354 1143 386; x_wconf 93' lang='lat'>1.</span> <span class='ocrx_word' id='word_1_8' title='bbox 1403 334 1461 402; x_wconf 86' lang='lat'>87</span> 
     </span>
    </p>
   </div>
   <div class='ocr_carea' id='block_1_3' title="bbox 72 418 1470 2656">
    <p class='ocr_par' dir='ltr' id='par_1_3' title="bbox 76 418 1470 957">
     <span class='ocr_line' id='line_1_3' title="bbox 87 418 1466 483; baseline 0 -16"><span class='ocrx_word' id='word_1_9' title='bbox 87 419 220 467; x_wconf 85' lang='lat' dir='ltr'>donat</span> <span class='ocrx_word' id='word_1_10' title='bbox 252 419 431 481; x_wconf 84' lang='lat' dir='ltr'>justitiae</span> <span class='ocrx_word' id='word_1_11' title='bbox 464 419 792 465; x_wconf 70' lang='lat' dir='ltr'>delectationem</span> <span class='ocrx_word' id='word_1_12' title='bbox 811 456 822 475; x_wconf 87' lang='lat'>,</span> <span class='ocrx_word' id='word_1_13' title='bbox 851 436 936 483; x_wconf 86' lang='lat' dir='ltr'>qua</span> <span class='ocrx_word' id='word_1_14' title='bbox 966 418 1266 467; x_wconf 72' lang='lat' dir='ltr'>immoderatio</span> <span class='ocrx_word' id='word_1_15' title='bbox 1299 436 1466 467; x_wconf 85' lang='lat' dir='ltr'>concu-</span> 
     </span>
     <span class='ocr_line' id='line_1_4' title="bbox 85 489 1467 554; baseline 0 -17"><span class='ocrx_word' id='word_1_16' title='bbox 85 492 307 554; x_wconf 84' lang='lat' dir='ltr'>piscentiae</span> <span class='ocrx_word' id='word_1_17' title='bbox 331 501 570 553; x_wconf 79' lang='lat' dir='ltr'>superetur.</span> <span class='ocrx_word' id='word_1_18' title='bbox 598 491 714 535; x_wconf 82' lang='lat' dir='ltr'>Hine</span> <span class='ocrx_word' id='word_1_19' title='bbox 738 491 886 552; x_wconf 85' lang='lat' dir='ltr'>itaque</span> <span class='ocrx_word' id='word_1_20' title='bbox 907 489 1196 535; x_wconf 81' lang='lat' dir='ltr'>confirmatur</span> <span class='ocrx_word' id='word_1_21' title='bbox 1214 508 1301 536; x_wconf 90' lang='lat' dir='ltr'>non</span> <span class='ocrx_word' id='word_1_22' title='bbox 1326 491 1467 537; x_wconf 90' lang='lat' dir='ltr'>solum</span> 
     </span>
     <span class='ocr_line' id='line_1_5' title="bbox 85 559 1466 626; baseline 0.001 -21"><span class='ocrx_word' id='word_1_23' title='bbox 85 561 198 606; x_wconf 86' lang='lat' dir='ltr'>nihil</span> <span class='ocrx_word' id='word_1_24' title='bbox 222 560 368 605; x_wconf 83' lang='lat' dir='ltr'>mitius</span> <span class='ocrx_word' id='word_1_25' title='bbox 385 597 395 615; x_wconf 91' lang='lat'>,</span> <span class='ocrx_word' id='word_1_26' title='bbox 418 559 490 604; x_wconf 77' lang='lat' dir='ltr'>sed</span> <span class='ocrx_word' id='word_1_27' title='bbox 511 560 682 619; x_wconf 68' lang='lat' dir='ltr'>gravius</span> <span class='ocrx_word' id='word_1_28' title='bbox 706 559 870 623; x_wconf 82' lang='lat' dir='ltr'>aliquid</span> <span class='ocrx_word' id='word_1_29' title='bbox 898 559 1233 619; x_wconf 82' lang='lat' dir='ltr'>intelligendum</span> <span class='ocrx_word' id='word_1_30' title='bbox 1249 598 1259 616; x_wconf 88' lang='lat'>,</span> <span class='ocrx_word' id='word_1_31' title='bbox 1289 561 1342 606; x_wconf 88' lang='lat' dir='ltr'>de</span> <span class='ocrx_word' id='word_1_32' title='bbox 1361 562 1466 626; x_wconf 86' lang='lat' dir='ltr'>qui-</span> 
     </span>
     <span class='ocr_line' id='line_1_6' title="bbox 83 629 1466 693; baseline 0.001 -18"><span class='ocrx_word' id='word_1_33' title='bbox 83 629 166 675; x_wconf 86' lang='lat' dir='ltr'>bus</span> <span class='ocrx_word' id='word_1_34' title='bbox 187 629 351 675; x_wconf 84' lang='lat' dir='ltr'>dictum</span> <span class='ocrx_word' id='word_1_35' title='bbox 372 640 459 674; x_wconf 78' lang='lat' dir='ltr'>est:</span> <span class='ocrx_word' id='word_1_36' title='bbox 503 651 522 669; x_wconf 86' lang='lat'>«</span> <span class='ocrx_word' id='word_1_37' title='bbox 545 630 633 685; x_wconf 83' lang='lat' dir='ltr'>Qui</span> <span class='ocrx_word' id='word_1_38' title='bbox 673 629 719 674; x_wconf 89' lang='lat' dir='ltr'>in</span> <span class='ocrx_word' id='word_1_39' title='bbox 748 629 838 689; x_wconf 85' lang='lat' dir='ltr'>lege</span> <span class='ocrx_word' id='word_1_40' title='bbox 877 640 1196 691; x_wconf 77' lang='lat' dir='ltr'>peccaverunt,</span> <span class='ocrx_word' id='word_1_41' title='bbox 1227 647 1306 693; x_wconf 84' lang='lat' dir='ltr'>per</span> <span class='ocrx_word' id='word_1_42' title='bbox 1329 631 1466 691; x_wconf 85' lang='lat' dir='ltr'>legem</span> 
     </span>
     <span class='ocr_line' id='line_1_7' title="bbox 85 700 1468 764; baseline 0 -18"><span class='ocrx_word' id='word_1_43' title='bbox 85 721 105 741; x_wconf 87' lang='lat'>»</span> <span class='ocrx_word' id='word_1_44' title='bbox 117 701 453 760; x_wconf 74' lang='lat' dir='ltr'>Judical)untur,</span> <span class='ocrx_word' id='word_1_45' title='bbox 475 722 494 741; x_wconf 83' lang='lat'>»</span> <span class='ocrx_word' id='word_1_46' title='bbox 508 718 638 764; x_wconf 83' lang='lat' dir='ltr'>quam</span> <span class='ocrx_word' id='word_1_47' title='bbox 658 700 711 746; x_wconf 92' lang='lat' dir='ltr'>de</span> <span class='ocrx_word' id='word_1_48' title='bbox 734 700 816 745; x_wconf 84' lang='lat' dir='ltr'>illis</span> <span class='ocrx_word' id='word_1_49' title='bbox 828 701 903 764; x_wconf 83' lang='lat' dir='ltr'>qui</span> <span class='ocrx_word' id='word_1_50' title='bbox 915 700 1003 745; x_wconf 86' lang='lat' dir='ltr'>sine</span> <span class='ocrx_word' id='word_1_51' title='bbox 1018 701 1110 761; x_wconf 86' lang='lat' dir='ltr'>lege</span> <span class='ocrx_word' id='word_1_52' title='bbox 1126 711 1356 764; x_wconf 76' lang='lat' dir='ltr'>peccantes</span> <span class='ocrx_word' id='word_1_53' title='bbox 1379 701 1468 746; x_wconf 87' lang='lat' dir='ltr'>sine</span> 
     </span>
     <span class='ocr_line' id='line_1_8' title="bbox 82 769 1470 834; baseline 0.001 -20"><span class='ocrx_word' id='word_1_54' title='bbox 82 769 173 830; x_wconf 83' lang='lat' dir='ltr'>lege</span> <span class='ocrx_word' id='word_1_55' title='bbox 198 770 432 834; x_wconf 82' lang='lat' dir='ltr'>peribunt:</span> <span class='ocrx_word' id='word_1_56' title='bbox 456 787 533 815; x_wconf 88' lang='lat' dir='ltr'>nec</span> <span class='ocrx_word' id='word_1_57' title='bbox 558 787 638 834; x_wconf 80' lang='lat' dir='ltr'>pro</span> <span class='ocrx_word' id='word_1_58' title='bbox 658 787 792 833; x_wconf 83' lang='lat' dir='ltr'>poena</span> <span class='ocrx_word' id='word_1_59' title='bbox 815 770 1060 816; x_wconf 84' lang='lat' dir='ltr'>transitoria</span> <span class='ocrx_word' id='word_1_60' title='bbox 1084 770 1282 816; x_wconf 82' lang='lat' dir='ltr'>hocloco</span> <span class='ocrx_word' id='word_1_61' title='bbox 1300 769 1470 816; x_wconf 85' lang='lat' dir='ltr'>dictum</span> 
     </span>
     <span class='ocr_line' id='line_1_9' title="bbox 76 840 1469 904; baseline 0 -18"><span class='ocrx_word' id='word_1_62' title='bbox 76 841 320 900; x_wconf 85' lang='lat' dir='ltr'>judicium,</span> <span class='ocrx_word' id='word_1_63' title='bbox 353 840 424 886; x_wconf 79' lang='lat' dir='ltr'>sed</span> <span class='ocrx_word' id='word_1_64' title='bbox 442 858 523 904; x_wconf 84' lang='lat' dir='ltr'>pro</span> <span class='ocrx_word' id='word_1_65' title='bbox 548 858 595 886; x_wconf 87' lang='lat' dir='ltr'>ea</span> <span class='ocrx_word' id='word_1_66' title='bbox 632 858 717 904; x_wconf 89' lang='lat' dir='ltr'>qua</span> <span class='ocrx_word' id='word_1_67' title='bbox 755 841 883 886; x_wconf 81' lang='lat' dir='ltr'>etiam</span> <span class='ocrx_word' id='word_1_68' title='bbox 921 859 1011 886; x_wconf 89' lang='lat' dir='ltr'>non</span> <span class='ocrx_word' id='word_1_69' title='bbox 1044 840 1266 887; x_wconf 89' lang='lat' dir='ltr'>credentes</span> <span class='ocrx_word' id='word_1_70' title='bbox 1286 840 1469 900; x_wconf 85' lang='lat' dir='ltr'>judica-</span> 
     </span>
     <span class='ocr_line' id='line_1_10' title="bbox 83 911 270 957; baseline 0.011 -2"><span class='ocrx_word' id='word_1_71' title='bbox 83 911 270 957; x_wconf 87' lang='lat' dir='ltr'>buntur.</span> 
     </span>
    </p>

    <p class='ocr_par' dir='ltr' id='par_1_4' title="bbox 72 981 1469 2656">
     <span class='ocr_line' id='line_1_11' title="bbox 144 981 1469 1045; baseline 0.001 -20"><span class='ocrx_word' id='word_1_72' title='bbox 144 981 302 1027; x_wconf 68' lang='lat' dir='ltr'>XLIV.</span> <span class='ocrx_word' id='word_1_73' title='bbox 349 982 458 1026; x_wconf 52' lang='lat' dir='ltr'>Ram</span> <span class='ocrx_word' id='word_1_74' title='bbox 483 982 559 1045; x_wconf 88' lang='lat' dir='ltr'>qui</span> <span class='ocrx_word' id='word_1_75' title='bbox 590 982 675 1026; x_wconf 83' lang='lat' dir='ltr'>hac</span> <span class='ocrx_word' id='word_1_76' title='bbox 702 992 886 1026; x_wconf 89' lang='lat' dir='ltr'>utuntur</span> <span class='ocrx_word' id='word_1_77' title='bbox 903 982 1113 1027; x_wconf 83' lang='lat' dir='ltr'>sententia</span> <span class='ocrx_word' id='word_1_78' title='bbox 1137 981 1192 1026; x_wconf 87' lang='lat' dir='ltr'>ad</span> <span class='ocrx_word' id='word_1_79' title='bbox 1212 981 1469 1045; x_wconf 86' lang='lat' dir='ltr'>promitten-</span> 
     </span>
     <span class='ocr_line' id='line_1_12' title="bbox 79 1050 1465 1114; baseline 0 -19"><span class='ocrx_word' id='word_1_80' title='bbox 79 1050 179 1096; x_wconf 84' lang='lat' dir='ltr'>dam</span> <span class='ocrx_word' id='word_1_81' title='bbox 214 1051 394 1096; x_wconf 86' lang='lat' dir='ltr'>salutem</span> <span class='ocrx_word' id='word_1_82' title='bbox 427 1068 504 1114; x_wconf 82' lang='lat' dir='ltr'>per</span> <span class='ocrx_word' id='word_1_83' title='bbox 534 1052 677 1109; x_wconf 82' lang='lat' dir='ltr'>ignem</span> <span class='ocrx_word' id='word_1_84' title='bbox 721 1051 803 1095; x_wconf 90' lang='lat' dir='ltr'>illis</span> <span class='ocrx_word' id='word_1_85' title='bbox 836 1051 912 1113; x_wconf 89' lang='lat' dir='ltr'>qui</span> <span class='ocrx_word' id='word_1_86' title='bbox 944 1052 1073 1096; x_wconf 85' lang='lat' dir='ltr'>etiam</span> <span class='ocrx_word' id='word_1_87' title='bbox 1107 1051 1326 1096; x_wconf 85' lang='lat' dir='ltr'>credentes</span> <span class='ocrx_word' id='word_1_88' title='bbox 1364 1068 1465 1113; x_wconf 87' lang='lat' dir='ltr'>pes-</span> 
     </span>
     <span class='ocr_line' id='line_1_13' title="bbox 79 1120 1462 1183; baseline -0.001 -18"><span class='ocrx_word' id='word_1_89' title='bbox 79 1120 183 1165; x_wconf 83' lang='lat' dir='ltr'>sime</span> <span class='ocrx_word' id='word_1_90' title='bbox 197 1121 353 1165; x_wconf 82' lang='lat' dir='ltr'>vivunt</span> <span class='ocrx_word' id='word_1_91' title='bbox 369 1157 380 1175; x_wconf 89' lang='lat'>,</span> <span class='ocrx_word' id='word_1_92' title='bbox 400 1130 447 1164; x_wconf 89' lang='lat' dir='ltr'>ut</span> <span class='ocrx_word' id='word_1_93' title='bbox 465 1120 522 1164; x_wconf 83' lang='lat' dir='ltr'>eis</span> <span class='ocrx_word' id='word_1_94' title='bbox 549 1120 699 1164; x_wconf 83' lang='lat' dir='ltr'>dicant</span> <span class='ocrx_word' id='word_1_95' title='bbox 730 1137 738 1163; x_wconf 95' lang='lat'><strong>:</strong></span> <span class='ocrx_word' id='word_1_96' title='bbox 769 1141 787 1159; x_wconf 76' lang='lat' dir='ltr'>c&lt;</span> <span class='ocrx_word' id='word_1_97' title='bbox 813 1121 902 1174; x_wconf 79' lang='lat' dir='ltr'>Qui</span> <span class='ocrx_word' id='word_1_98' title='bbox 927 1121 1014 1165; x_wconf 85' lang='lat' dir='ltr'>sine</span> <span class='ocrx_word' id='word_1_99' title='bbox 1039 1120 1128 1180; x_wconf 80' lang='lat' dir='ltr'>lege</span> <span class='ocrx_word' id='word_1_100' title='bbox 1150 1130 1462 1183; x_wconf 76' lang='lat' dir='ltr'>peccaverunt,</span> 
     </span>
     <span class='ocr_line' id='line_1_14' title="bbox 79 1189 1458 1253; baseline 0.002 -22"><span class='ocrx_word' id='word_1_101' title='bbox 79 1212 99 1231; x_wconf 84' lang='lat'>»</span> <span class='ocrx_word' id='word_1_102' title='bbox 126 1191 214 1236; x_wconf 87' lang='lat' dir='ltr'>sine</span> <span class='ocrx_word' id='word_1_103' title='bbox 245 1189 335 1250; x_wconf 84' lang='lat' dir='ltr'>lege</span> <span class='ocrx_word' id='word_1_104' title='bbox 366 1189 576 1253; x_wconf 82' lang='lat' dir='ltr'>peribunt</span> <span class='ocrx_word' id='word_1_105' title='bbox 605 1209 615 1243; x_wconf 91' lang='grc'>;</span> <span class='ocrx_word' id='word_1_106' title='bbox 651 1190 725 1252; x_wconf 85' lang='lat' dir='ltr'>qui</span> <span class='ocrx_word' id='word_1_107' title='bbox 756 1201 902 1234; x_wconf 86' lang='lat' dir='ltr'>autem</span> <span class='ocrx_word' id='word_1_108' title='bbox 936 1190 980 1234; x_wconf 90' lang='lat' dir='ltr'>in</span> <span class='ocrx_word' id='word_1_109' title='bbox 1012 1190 1100 1249; x_wconf 84' lang='lat' dir='ltr'>lege</span> <span class='ocrx_word' id='word_1_110' title='bbox 1128 1200 1422 1253; x_wconf 83' lang='lat' dir='ltr'>peccaverunt</span> <span class='ocrx_word' id='word_1_111' title='bbox 1447 1226 1458 1243; x_wconf 91' lang='lat'>,</span> 
     </span>
     <span class='ocr_line' id='line_1_15' title="bbox 80 1259 1466 1323; baseline -0.001 -18"><span class='ocrx_word' id='word_1_112' title='bbox 80 1281 100 1301; x_wconf 63' lang='grc' dir='ltr'><strong>ν</strong></span> <span class='ocrx_word' id='word_1_113' title='bbox 122 1278 200 1323; x_wconf 84' lang='lat' dir='ltr'>per</span> <span class='ocrx_word' id='word_1_114' title='bbox 225 1261 359 1320; x_wconf 85' lang='lat' dir='ltr'>legem</span> <span class='ocrx_word' id='word_1_115' title='bbox 384 1259 754 1320; x_wconf 77' lang='lat' dir='ltr'>judicabuntur1,</span> <span class='ocrx_word' id='word_1_116' title='bbox 783 1282 802 1300; x_wconf 71' lang='grc' dir='ltr'>υ</span> <span class='ocrx_word' id='word_1_117' title='bbox 837 1271 1046 1323; x_wconf 84' lang='lat' dir='ltr'>tanquam</span> <span class='ocrx_word' id='word_1_118' title='bbox 1073 1260 1243 1305; x_wconf 83' lang='lat' dir='ltr'>dictum</span> <span class='ocrx_word' id='word_1_119' title='bbox 1269 1261 1346 1314; x_wconf 86' lang='lat' dir='ltr'>sit,</span> <span class='ocrx_word' id='word_1_120' title='bbox 1378 1276 1466 1305; x_wconf 91' lang='lat' dir='ltr'>non</span> 
     </span>
     <span class='ocr_line' id='line_1_16' title="bbox 78 1330 1466 1393; baseline 0 -18"><span class='ocrx_word' id='word_1_121' title='bbox 78 1331 305 1393; x_wconf 82' lang='lat' dir='ltr'>peribunt,</span> <span class='ocrx_word' id='word_1_122' title='bbox 327 1330 400 1376; x_wconf 87' lang='lat' dir='ltr'>sed</span> <span class='ocrx_word' id='word_1_123' title='bbox 426 1348 503 1393; x_wconf 87' lang='lat' dir='ltr'>per</span> <span class='ocrx_word' id='word_1_124' title='bbox 528 1331 669 1389; x_wconf 81' lang='lat' dir='ltr'>ignem</span> <span class='ocrx_word' id='word_1_125' title='bbox 692 1331 797 1376; x_wconf 81' lang='lat' dir='ltr'>salvi</span> <span class='ocrx_word' id='word_1_126' title='bbox 825 1342 980 1384; x_wconf 72' lang='lat' dir='ltr'>erunt,</span> <span class='ocrx_word' id='word_1_127' title='bbox 1008 1349 1087 1377; x_wconf 86' lang='lat' dir='ltr'>nec</span> <span class='ocrx_word' id='word_1_128' title='bbox 1112 1330 1221 1376; x_wconf 88' lang='lat' dir='ltr'>illud</span> <span class='ocrx_word' id='word_1_129' title='bbox 1246 1330 1466 1375; x_wconf 88' lang='lat' dir='ltr'>attendere</span> 
     </span>
     <span class='ocr_line' id='line_1_17' title="bbox 78 1400 1467 1464; baseline 0 -19"><span class='ocrx_word' id='word_1_130' title='bbox 78 1411 330 1464; x_wconf 70' lang='lat' dir='ltr'>potuerunt,</span> <span class='ocrx_word' id='word_1_131' title='bbox 376 1401 462 1445; x_wconf 75' lang='lat' dir='ltr'>hoc</span> <span class='ocrx_word' id='word_1_132' title='bbox 499 1400 755 1463; x_wconf 60' lang='lat' dir='ltr'>Apostolum</span> <span class='ocrx_word' id='word_1_133' title='bbox 788 1401 840 1446; x_wconf 87' lang='lat' dir='ltr'>de</span> <span class='ocrx_word' id='word_1_134' title='bbox 868 1401 951 1446; x_wconf 84' lang='lat' dir='ltr'>illis</span> <span class='ocrx_word' id='word_1_135' title='bbox 972 1401 1047 1463; x_wconf 89' lang='lat' dir='ltr'>qui</span> <span class='ocrx_word' id='word_1_136' title='bbox 1082 1401 1171 1445; x_wconf 88' lang='lat' dir='ltr'>sine</span> <span class='ocrx_word' id='word_1_137' title='bbox 1203 1400 1293 1460; x_wconf 87' lang='lat' dir='ltr'>lege</span> <span class='ocrx_word' id='word_1_138' title='bbox 1318 1410 1359 1444; x_wconf 86' lang='lat' dir='ltr'>et</span> <span class='ocrx_word' id='word_1_139' title='bbox 1383 1400 1467 1445; x_wconf 89' lang='lat' dir='ltr'>illis</span> 
     </span>
     <span class='ocr_line' id='line_1_18' title="bbox 78 1469 1466 1534; baseline -0.001 -18"><span class='ocrx_word' id='word_1_140' title='bbox 78 1471 153 1534; x_wconf 86' lang='lat' dir='ltr'>qui</span> <span class='ocrx_word' id='word_1_141' title='bbox 181 1471 225 1516; x_wconf 89' lang='lat' dir='ltr'>in</span> <span class='ocrx_word' id='word_1_142' title='bbox 246 1471 336 1530; x_wconf 83' lang='lat' dir='ltr'>lege</span> <span class='ocrx_word' id='word_1_143' title='bbox 366 1481 660 1533; x_wconf 81' lang='lat' dir='ltr'>peccaverunt</span> <span class='ocrx_word' id='word_1_144' title='bbox 683 1470 852 1527; x_wconf 64' lang='lat' dir='ltr'>dixisse,</span> <span class='ocrx_word' id='word_1_145' title='bbox 882 1488 984 1516; x_wconf 80' lang='lat' dir='ltr'>eum</span> <span class='ocrx_word' id='word_1_146' title='bbox 1019 1470 1072 1516; x_wconf 87' lang='lat' dir='ltr'>de</span> <span class='ocrx_word' id='word_1_147' title='bbox 1099 1471 1315 1516; x_wconf 79' lang='lat' dir='ltr'>Gentibus</span> <span class='ocrx_word' id='word_1_148' title='bbox 1337 1481 1378 1515; x_wconf 84' lang='lat' dir='ltr'>et</span> <span class='ocrx_word' id='word_1_149' title='bbox 1413 1469 1466 1515; x_wconf 87' lang='lat' dir='ltr'>de</span> 
     </span>
     <span class='ocr_line' id='line_1_19' title="bbox 77 1540 1467 1603; baseline 0 -19"><span class='ocrx_word' id='word_1_150' title='bbox 77 1540 242 1586; x_wconf 76' lang='lat' dir='ltr'>Judaeis</span> <span class='ocrx_word' id='word_1_151' title='bbox 266 1552 430 1600; x_wconf 81' lang='lat' dir='ltr'>ageret3</span> <span class='ocrx_word' id='word_1_152' title='bbox 467 1550 513 1585; x_wconf 88' lang='lat' dir='ltr'>ut</span> <span class='ocrx_word' id='word_1_153' title='bbox 551 1557 639 1585; x_wconf 84' lang='lat' dir='ltr'>non</span> <span class='ocrx_word' id='word_1_154' title='bbox 670 1551 839 1585; x_wconf 89' lang='lat' dir='ltr'>tantum</span> <span class='ocrx_word' id='word_1_155' title='bbox 886 1541 1118 1596; x_wconf 80' lang='lat' dir='ltr'>Gentibus,</span> <span class='ocrx_word' id='word_1_156' title='bbox 1161 1540 1234 1586; x_wconf 87' lang='lat' dir='ltr'>sed</span> <span class='ocrx_word' id='word_1_157' title='bbox 1272 1540 1467 1603; x_wconf 83' lang='lat' dir='ltr'>utrisque</span> 
     </span>
     <span class='ocr_line' id='line_1_20' title="bbox 78 1610 1467 1673; baseline -0.001 -17"><span class='ocrx_word' id='word_1_158' title='bbox 78 1611 259 1671; x_wconf 80' lang='lat' dir='ltr'>gratiam</span> <span class='ocrx_word' id='word_1_159' title='bbox 284 1610 468 1665; x_wconf 83' lang='lat' dir='ltr'>Christi,</span> <span class='ocrx_word' id='word_1_160' title='bbox 495 1627 580 1673; x_wconf 91' lang='lat' dir='ltr'>qua</span> <span class='ocrx_word' id='word_1_161' title='bbox 606 1610 862 1667; x_wconf 82' lang='lat' dir='ltr'>liberentur,</span> <span class='ocrx_word' id='word_1_162' title='bbox 887 1611 1170 1656; x_wconf 85' lang='lat' dir='ltr'>necessariam</span> <span class='ocrx_word' id='word_1_163' title='bbox 1196 1610 1467 1655; x_wconf 84' lang='lat' dir='ltr'>demonstra-</span> 
     </span>
     <span class='ocr_line' id='line_1_21' title="bbox 76 1680 1466 1743; baseline -0.001 -17"><span class='ocrx_word' id='word_1_164' title='bbox 76 1691 140 1726; x_wconf 84' lang='lat' dir='ltr'>ret</span> <span class='ocrx_word' id='word_1_165' title='bbox 164 1699 174 1725; x_wconf 74' lang='grc' dir='ltr'>ε</span> <span class='ocrx_word' id='word_1_166' title='bbox 203 1680 322 1743; x_wconf 85' lang='lat' dir='ltr'>quod</span> <span class='ocrx_word' id='word_1_167' title='bbox 346 1690 435 1725; x_wconf 81' lang='lat' dir='ltr'>tota</span> <span class='ocrx_word' id='word_1_168' title='bbox 459 1680 551 1742; x_wconf 88' lang='lat' dir='ltr'>ipsa</span> <span class='ocrx_word' id='word_1_169' title='bbox 573 1680 767 1743; x_wconf 77' lang='lat' dir='ltr'>Epistola</span> <span class='ocrx_word' id='word_1_170' title='bbox 781 1681 833 1726; x_wconf 82' lang='lat' dir='ltr'>ad</span> <span class='ocrx_word' id='word_1_171' title='bbox 855 1680 1466 1738; x_wconf 16' lang='lat' dir='ltr'>Romanosevidenter‘osten-</span> 
     </span>
     <span class='ocr_line' id='line_1_22' title="bbox 76 1749 1465 1814; baseline 0 -19"><span class='ocrx_word' id='word_1_172' title='bbox 76 1750 154 1796; x_wconf 86' lang='lat' dir='ltr'>dit.</span> <span class='ocrx_word' id='word_1_173' title='bbox 180 1751 278 1794; x_wconf 87' lang='lat' dir='ltr'>Jam</span> <span class='ocrx_word' id='word_1_174' title='bbox 301 1766 400 1808; x_wconf 84' lang='lat' dir='ltr'>ergo</span> <span class='ocrx_word' id='word_1_175' title='bbox 421 1749 547 1794; x_wconf 86' lang='lat' dir='ltr'>etiam</span> <span class='ocrx_word' id='word_1_176' title='bbox 573 1749 738 1794; x_wconf 80' lang='lat' dir='ltr'>Judaeis</span> <span class='ocrx_word' id='word_1_177' title='bbox 760 1750 806 1795; x_wconf 89' lang='lat' dir='ltr'>in</span> <span class='ocrx_word' id='word_1_178' title='bbox 832 1750 922 1810; x_wconf 82' lang='lat' dir='ltr'>lege</span> <span class='ocrx_word' id='word_1_179' title='bbox 944 1750 1251 1813; x_wconf 80' lang='lat' dir='ltr'>peccantibus,</span> <span class='ocrx_word' id='word_1_180' title='bbox 1279 1750 1333 1814; x_wconf 87' lang='lat' dir='ltr'>de</span> <span class='ocrx_word' id='word_1_181' title='bbox 1359 1750 1465 1813; x_wconf 89' lang='lat' dir='ltr'>qui-</span> 
     </span>
     <span class='ocr_line' id='line_1_23' title="bbox 76 1819 1469 1880; baseline 0.001 -15"><span class='ocrx_word' id='word_1_182' title='bbox 76 1820 162 1865; x_wconf 87' lang='lat' dir='ltr'>bus</span> <span class='ocrx_word' id='word_1_183' title='bbox 187 1819 357 1864; x_wconf 88' lang='lat' dir='ltr'>dictum</span> <span class='ocrx_word' id='word_1_184' title='bbox 378 1829 440 1865; x_wconf 88' lang='lat' dir='ltr'>est</span> <span class='ocrx_word' id='word_1_185' title='bbox 461 1837 471 1863; x_wconf 90' lang='lat'><strong>:</strong></span> <span class='ocrx_word' id='word_1_186' title='bbox 504 1840 523 1859; x_wconf 84' lang='lat'>«</span> <span class='ocrx_word' id='word_1_187' title='bbox 543 1820 626 1864; x_wconf 84' lang='lat' dir='ltr'>Per</span> <span class='ocrx_word' id='word_1_188' title='bbox 650 1820 784 1879; x_wconf 81' lang='lat' dir='ltr'>legem</span> <span class='ocrx_word' id='word_1_189' title='bbox 807 1821 1149 1880; x_wconf 81' lang='lat' dir='ltr'>judicabuntur,</span> <span class='ocrx_word' id='word_1_190' title='bbox 1171 1842 1194 1863; x_wconf 68' lang='lat'>³&gt;</span> <span class='ocrx_word' id='word_1_191' title='bbox 1215 1838 1300 1866; x_wconf 90' lang='lat' dir='ltr'>non</span> <span class='ocrx_word' id='word_1_192' title='bbox 1321 1837 1391 1875; x_wconf 82' lang='lat' dir='ltr'>eos</span> <span class='ocrx_word' id='word_1_193' title='bbox 1410 1820 1469 1866; x_wconf 91' lang='lat' dir='ltr'>li-</span> 
     </span>
     <span class='ocr_line' id='line_1_24' title="bbox 74 1889 1465 1954; baseline 0.001 -19"><span class='ocrx_word' id='word_1_194' title='bbox 74 1891 254 1935; x_wconf 84' lang='lat' dir='ltr'>berante</span> <span class='ocrx_word' id='word_1_195' title='bbox 279 1889 413 1949; x_wconf 83' lang='lat' dir='ltr'>gratia</span> <span class='ocrx_word' id='word_1_196' title='bbox 441 1889 626 1945; x_wconf 79' lang='lat' dir='ltr'>Christi,</span> <span class='ocrx_word' id='word_1_197' title='bbox 653 1891 930 1952; x_wconf 68' lang='lat' dir='ltr'>promittant,</span> <span class='ocrx_word' id='word_1_198' title='bbox 958 1891 991 1935; x_wconf 84' lang='lat' dir='ltr'>si</span> <span class='ocrx_word' id='word_1_199' title='bbox 1019 1891 1165 1954; x_wconf 82' lang='lat' dir='ltr'>placet</span> <span class='ocrx_word' id='word_1_200' title='bbox 1184 1928 1194 1946; x_wconf 83' lang='lat'>,</span> <span class='ocrx_word' id='word_1_201' title='bbox 1221 1891 1465 1953; x_wconf 84' lang='lat' dir='ltr'>perignem</span> 
     </span>
     <span class='ocr_line' id='line_1_25' title="bbox 76 1959 1466 2022; baseline 0 -17"><span class='ocrx_word' id='word_1_202' title='bbox 76 1959 281 2013; x_wconf 83' lang='lat' dir='ltr'>salutem3</span> <span class='ocrx_word' id='word_1_203' title='bbox 312 1959 519 2022; x_wconf 90' lang='lat' dir='ltr'>quoniam</span> <span class='ocrx_word' id='word_1_204' title='bbox 550 1959 603 2005; x_wconf 87' lang='lat' dir='ltr'>de</span> <span class='ocrx_word' id='word_1_205' title='bbox 624 1961 692 2004; x_wconf 76' lang='lat' dir='ltr'>his</span> <span class='ocrx_word' id='word_1_206' title='bbox 716 1960 882 2005; x_wconf 84' lang='lat' dir='ltr'>dictum</span> <span class='ocrx_word' id='word_1_207' title='bbox 907 1971 970 2006; x_wconf 81' lang='lat' dir='ltr'>est</span> <span class='ocrx_word' id='word_1_208' title='bbox 991 1979 1001 2005; x_wconf 75' lang='grc' dir='ltr'><strong>ι</strong></span> <span class='ocrx_word' id='word_1_209' title='bbox 1030 1983 1049 2001; x_wconf 83' lang='lat'>«</span> <span class='ocrx_word' id='word_1_210' title='bbox 1070 1962 1152 2005; x_wconf 88' lang='lat' dir='ltr'>Per</span> <span class='ocrx_word' id='word_1_211' title='bbox 1180 1961 1318 2020; x_wconf 83' lang='lat' dir='ltr'>legem</span> <span class='ocrx_word' id='word_1_212' title='bbox 1337 1961 1466 2020; x_wconf 88' lang='lat' dir='ltr'>judi-</span> 
     </span>
     <span class='ocr_line' id='line_1_26' title="bbox 77 2029 1463 2095; baseline -0.001 -19"><span class='ocrx_word' id='word_1_213' title='bbox 77 2053 97 2072; x_wconf 85' lang='lat'>»</span> <span class='ocrx_word' id='word_1_214' title='bbox 121 2031 353 2076; x_wconf 85' lang='lat' dir='ltr'>cabuntur.</span> <span class='ocrx_word' id='word_1_215' title='bbox 379 2050 399 2069; x_wconf 81' lang='lat'>›&gt;</span> <span class='ocrx_word' id='word_1_216' title='bbox 420 2029 551 2085; x_wconf 91' lang='lat' dir='ltr'>Quod</span> <span class='ocrx_word' id='word_1_217' title='bbox 571 2029 604 2074; x_wconf 83' lang='lat' dir='ltr'>si</span> <span class='ocrx_word' id='word_1_218' title='bbox 628 2047 715 2075; x_wconf 88' lang='lat' dir='ltr'>non</span> <span class='ocrx_word' id='word_1_219' title='bbox 739 2030 922 2086; x_wconf 80' lang='lat' dir='ltr'>faciunt,</span> <span class='ocrx_word' id='word_1_220' title='bbox 951 2049 1002 2075; x_wconf 89' lang='lat' dir='ltr'>ne</span> <span class='ocrx_word' id='word_1_221' title='bbox 1022 2042 1173 2076; x_wconf 83' lang='lat' dir='ltr'>eontra</span> <span class='ocrx_word' id='word_1_222' title='bbox 1198 2048 1239 2076; x_wconf 88' lang='lat' dir='ltr'>se</span> <span class='ocrx_word' id='word_1_223' title='bbox 1260 2031 1376 2095; x_wconf 86' lang='lat' dir='ltr'>ipsos</span> <span class='ocrx_word' id='word_1_224' title='bbox 1394 2048 1463 2075; x_wconf 82' lang='lat' dir='ltr'>ve-</span> 
     </span>
     <span class='ocr_line' id='line_1_27' title="bbox 75 2100 1463 2164; baseline 0 -18"><span class='ocrx_word' id='word_1_225' title='bbox 75 2101 214 2155; x_wconf 80' lang='lat' dir='ltr'>niant,</span> <span class='ocrx_word' id='word_1_226' title='bbox 236 2100 314 2164; x_wconf 88' lang='lat' dir='ltr'>qui</span> <span class='ocrx_word' id='word_1_227' title='bbox 345 2116 414 2143; x_wconf 87' lang='lat' dir='ltr'>eos</span> <span class='ocrx_word' id='word_1_228' title='bbox 439 2100 690 2158; x_wconf 71' lang='lat' dir='ltr'>gravissimo</span> <span class='ocrx_word' id='word_1_229' title='bbox 721 2100 989 2146; x_wconf 84' lang='lat' dir='ltr'>infidelitatis</span> <span class='ocrx_word' id='word_1_230' title='bbox 1009 2101 1193 2146; x_wconf 83' lang='lat' dir='ltr'>crimine</span> <span class='ocrx_word' id='word_1_231' title='bbox 1230 2101 1463 2146; x_wconf 81' lang='lat' dir='ltr'>obstrictos</span> 
     </span>
     <span class='ocr_line' id='line_1_28' title="bbox 75 2170 1461 2232; baseline 0 -17"><span class='ocrx_word' id='word_1_232' title='bbox 75 2189 160 2217; x_wconf 78' lang='lat' dir='ltr'>esse</span> <span class='ocrx_word' id='word_1_233' title='bbox 183 2170 336 2216; x_wconf 82' lang='lat' dir='ltr'>dicunt</span> <span class='ocrx_word' id='word_1_234' title='bbox 358 2186 368 2213; x_wconf 71' lang='grc' dir='ltr'>ι</span> <span class='ocrx_word' id='word_1_235' title='bbox 397 2179 446 2214; x_wconf 92' lang='lat' dir='ltr'>ut</span> <span class='ocrx_word' id='word_1_236' title='bbox 472 2170 580 2232; x_wconf 87' lang='lat' dir='ltr'>quid</span> <span class='ocrx_word' id='word_1_237' title='bbox 606 2170 870 2215; x_wconf 78' lang='lat' dir='ltr'>transferunt</span> <span class='ocrx_word' id='word_1_238' title='bbox 889 2171 941 2216; x_wconf 82' lang='lat' dir='ltr'>ad</span> <span class='ocrx_word' id='word_1_239' title='bbox 973 2171 1167 2216; x_wconf 83' lang='lat' dir='ltr'>infideles</span> <span class='ocrx_word' id='word_1_240' title='bbox 1187 2181 1228 2215; x_wconf 89' lang='lat' dir='ltr'>et</span> <span class='ocrx_word' id='word_1_241' title='bbox 1248 2170 1395 2216; x_wconf 80' lang='lat' dir='ltr'>fideles</span> <span class='ocrx_word' id='word_1_242' title='bbox 1417 2171 1461 2216; x_wconf 89' lang='lat' dir='ltr'>in</span> 
     </span>
     <span class='ocr_line' id='line_1_29' title="bbox 75 2239 1465 2306; baseline -0.001 -19"><span class='ocrx_word' id='word_1_243' title='bbox 75 2260 124 2287; x_wconf 91' lang='lat' dir='ltr'>eo</span> <span class='ocrx_word' id='word_1_244' title='bbox 145 2241 264 2305; x_wconf 87' lang='lat' dir='ltr'>quod</span> <span class='ocrx_word' id='word_1_245' title='bbox 291 2240 344 2286; x_wconf 85' lang='lat' dir='ltr'>ad</span> <span class='ocrx_word' id='word_1_246' title='bbox 367 2239 497 2285; x_wconf 81' lang='lat' dir='ltr'>fidem</span> <span class='ocrx_word' id='word_1_247' title='bbox 528 2241 690 2286; x_wconf 83' lang='lat' dir='ltr'>Christi</span> <span class='ocrx_word' id='word_1_248' title='bbox 713 2242 867 2287; x_wconf 81' lang='lat' dir='ltr'>attinet</span> <span class='ocrx_word' id='word_1_249' title='bbox 888 2279 899 2297; x_wconf 82' lang='lat'>,</span> <span class='ocrx_word' id='word_1_250' title='bbox 926 2242 1038 2287; x_wconf 89' lang='lat' dir='ltr'>illud</span> <span class='ocrx_word' id='word_1_251' title='bbox 1064 2241 1185 2306; x_wconf 78' lang='lat' dir='ltr'>quod</span> <span class='ocrx_word' id='word_1_252' title='bbox 1211 2241 1381 2297; x_wconf 84' lang='lat' dir='ltr'>dictum</span> <span class='ocrx_word' id='word_1_253' title='bbox 1403 2252 1465 2286; x_wconf 81' lang='lat' dir='ltr'>est</span> 
     </span>
     <span class='ocr_line' id='line_1_30' title="bbox 75 2311 1464 2377; baseline -0.002 -18"><span class='ocrx_word' id='word_1_254' title='bbox 75 2312 128 2358; x_wconf 81' lang='lat' dir='ltr'>de</span> <span class='ocrx_word' id='word_1_255' title='bbox 145 2313 196 2358; x_wconf 89' lang='lat' dir='ltr'>iis</span> <span class='ocrx_word' id='word_1_256' title='bbox 216 2312 291 2375; x_wconf 86' lang='lat' dir='ltr'>qui</span> <span class='ocrx_word' id='word_1_257' title='bbox 318 2311 407 2356; x_wconf 88' lang='lat' dir='ltr'>sine</span> <span class='ocrx_word' id='word_1_258' title='bbox 427 2311 518 2371; x_wconf 87' lang='lat' dir='ltr'>lege</span> <span class='ocrx_word' id='word_1_259' title='bbox 538 2322 579 2357; x_wconf 85' lang='lat' dir='ltr'>et</span> <span class='ocrx_word' id='word_1_260' title='bbox 602 2312 653 2357; x_wconf 81' lang='lat' dir='ltr'>iis</span> <span class='ocrx_word' id='word_1_261' title='bbox 677 2313 751 2376; x_wconf 86' lang='lat' dir='ltr'>qui</span> <span class='ocrx_word' id='word_1_262' title='bbox 769 2314 815 2358; x_wconf 91' lang='lat' dir='ltr'>in</span> <span class='ocrx_word' id='word_1_263' title='bbox 833 2313 923 2373; x_wconf 80' lang='lat' dir='ltr'>lege</span> <span class='ocrx_word' id='word_1_264' title='bbox 943 2323 1266 2377; x_wconf 78' lang='lat' dir='ltr'>peccaverunt3</span> <span class='ocrx_word' id='word_1_265' title='bbox 1286 2329 1385 2358; x_wconf 87' lang='lat' dir='ltr'>cum</span> <span class='ocrx_word' id='word_1_266' title='bbox 1411 2312 1464 2357; x_wconf 86' lang='lat' dir='ltr'>de</span> 
     </span>
     <span class='ocr_line' id='line_1_31' title="bbox 74 2380 1463 2444; baseline 0.001 -18"><span class='ocrx_word' id='word_1_267' title='bbox 74 2382 239 2428; x_wconf 80' lang='lat' dir='ltr'>Judaeis</span> <span class='ocrx_word' id='word_1_268' title='bbox 265 2392 305 2426; x_wconf 89' lang='lat' dir='ltr'>et</span> <span class='ocrx_word' id='word_1_269' title='bbox 337 2380 390 2425; x_wconf 89' lang='lat' dir='ltr'>de</span> <span class='ocrx_word' id='word_1_270' title='bbox 414 2382 630 2427; x_wconf 83' lang='lat' dir='ltr'>Gentibus</span> <span class='ocrx_word' id='word_1_271' title='bbox 665 2394 877 2442; x_wconf 82' lang='lat' dir='ltr'>ageretur,</span> <span class='ocrx_word' id='word_1_272' title='bbox 918 2394 966 2428; x_wconf 89' lang='lat' dir='ltr'>ut</span> <span class='ocrx_word' id='word_1_273' title='bbox 996 2383 1050 2428; x_wconf 87' lang='lat' dir='ltr'>ad</span> <span class='ocrx_word' id='word_1_274' title='bbox 1086 2382 1252 2428; x_wconf 80' lang='lat' dir='ltr'>Christi</span> <span class='ocrx_word' id='word_1_275' title='bbox 1282 2383 1463 2444; x_wconf 83' lang='lat' dir='ltr'>gratiam</span> 
     </span>
     <span class='ocr_line' id='line_1_32' title="bbox 76 2451 1466 2516; baseline 0 -18"><span class='ocrx_word' id='word_1_276' title='bbox 76 2453 248 2516; x_wconf 85' lang='lat' dir='ltr'>utrique</span> <span class='ocrx_word' id='word_1_277' title='bbox 272 2452 590 2498; x_wconf 58' lang='lat' dir='ltr'>invitarentur.3</span> <span class='ocrx_word' id='word_1_278' title='bbox 618 2454 769 2516; x_wconf 80' lang='lat' dir='ltr'>Neque</span> <span class='ocrx_word' id='word_1_279' title='bbox 798 2454 912 2498; x_wconf 88' lang='lat' dir='ltr'>enim</span> <span class='ocrx_word' id='word_1_280' title='bbox 940 2452 1108 2499; x_wconf 86' lang='lat' dir='ltr'>dictum</span> <span class='ocrx_word' id='word_1_281' title='bbox 1135 2463 1196 2497; x_wconf 76' lang='lat' dir='ltr'>est</span> <span class='ocrx_word' id='word_1_282' title='bbox 1221 2469 1231 2496; x_wconf 72' lang='grc' dir='ltr'><strong><em>ι</em></strong></span> <span class='ocrx_word' id='word_1_283' title='bbox 1263 2451 1351 2508; x_wconf 83' lang='lat' dir='ltr'>Qui</span> <span class='ocrx_word' id='word_1_284' title='bbox 1373 2453 1466 2507; x_wconf 15' lang='lat' dir='ltr'>,sine</span> 
     </span>
     <span class='ocr_line' id='line_1_33' title="bbox 75 2523 1454 2587; baseline 0.001 -20"><span class='ocrx_word' id='word_1_285' title='bbox 75 2523 159 2568; x_wconf 83' lang='lat' dir='ltr'>fide</span> <span class='ocrx_word' id='word_1_286' title='bbox 186 2533 478 2586; x_wconf 66' lang='lat' dir='ltr'>peceaverunt</span> <span class='ocrx_word' id='word_1_287' title='bbox 496 2560 505 2575; x_wconf 83' lang='lat'>,</span> <span class='ocrx_word' id='word_1_288' title='bbox 537 2524 626 2568; x_wconf 77' lang='lat' dir='ltr'>sine</span> <span class='ocrx_word' id='word_1_289' title='bbox 651 2524 735 2569; x_wconf 76' lang='lat' dir='ltr'>fide</span> <span class='ocrx_word' id='word_1_290' title='bbox 757 2524 994 2587; x_wconf 80' lang='lat' dir='ltr'>peribunt3</span> <span class='ocrx_word' id='word_1_291' title='bbox 1021 2524 1096 2587; x_wconf 83' lang='lat' dir='ltr'>qui</span> <span class='ocrx_word' id='word_1_292' title='bbox 1118 2533 1261 2568; x_wconf 88' lang='lat' dir='ltr'>autem</span> <span class='ocrx_word' id='word_1_293' title='bbox 1289 2523 1333 2567; x_wconf 90' lang='lat' dir='ltr'>in</span> <span class='ocrx_word' id='word_1_294' title='bbox 1369 2523 1454 2569; x_wconf 74' lang='lat' dir='ltr'>fide</span> 
     </span>
     <span class='ocr_line' id='line_1_34' title="bbox 72 2590 1461 2656; baseline -0.001 -19"><span class='ocrx_word' id='word_1_295' title='bbox 72 2603 379 2656; x_wconf 74' lang='lat' dir='ltr'>peceaverunt.</span> <span class='ocrx_word' id='word_1_296' title='bbox 411 2610 484 2655; x_wconf 71' lang='lat' dir='ltr'>per</span> <span class='ocrx_word' id='word_1_297' title='bbox 509 2593 638 2638; x_wconf 83' lang='lat' dir='ltr'>fidem</span> <span class='ocrx_word' id='word_1_298' title='bbox 658 2594 1010 2653; x_wconf 79' lang='lat' dir='ltr'>judicabuntt1r3</span> <span class='ocrx_word' id='word_1_299' title='bbox 1039 2593 1131 2648; x_wconf 78' lang='lat' dir='ltr'>sed,</span> <span class='ocrx_word' id='word_1_300' title='bbox 1150 2614 1170 2633; x_wconf 71' lang='grc' dir='ltr'>(ι</span> <span class='ocrx_word' id='word_1_301' title='bbox 1189 2591 1291 2637; x_wconf 81' lang='lat' dir='ltr'>Sine</span> <span class='ocrx_word' id='word_1_302' title='bbox 1314 2590 1421 2653; x_wconf 81' lang='lat' dir='ltr'>leg&#39;e,</span> <span class='ocrx_word' id='word_1_303' title='bbox 1443 2616 1461 2635; x_wconf 87' lang='lat'>»</span> 
     </span>
    </p>
   </div>
   <div class='ocr_carea' id='block_1_4' title="bbox 120 2677 379 2712">
    <p class='ocr_par' dir='ltr' id='par_1_5' title="bbox 120 2677 379 2712">
     <span class='ocr_line' id='line_1_35' title="bbox 120 2677 379 2712; baseline -0.008 -4"><span class='ocrx_word' id='word_1_304' title='bbox 120 2677 128 2697; x_wconf 84' lang='lat'><strong>¹</strong></span> <span class='ocrx_word' id='word_1_305' title='bbox 149 2679 241 2707; x_wconf 78' lang='lat' dir='ltr'>Rom.</span> <span class='ocrx_word' id='word_1_306' title='bbox 259 2688 298 2712; x_wconf 72' lang='grc' dir='ltr'>ιι,</span> <span class='ocrx_word' id='word_1_307' title='bbox 326 2687 379 2706; x_wconf 77' lang='lat'>12.</span> 
     </span>
    </p>
   </div>
  </div>
 </body>
</html>
