1758 3246
343 322 397 351 DE
435 318 584 349 AGONE
621 316 911 357 (1111115111ΛΝο,
950 317 1035 347 mn.
1080 320 1108 347 1.
1347 300 1440 348 203

124 395 264 441 XXX.
292 394 382 439 Nec
406 408 477 437 eos
506 390 736 437 audiamus
753 427 764 446 ,
792 389 869 452 qui
892 387 1048 434 dicunt
1072 388 1286 452 Spiritum
1313 405 1442 435 sanc-

60 474 177 520 tum,
216 480 345 527 quem
368 462 414 507 in
445 461 681 520 Evangelio
706 459 920 505 Dominus
942 459 1143 522 promisit
1173 459 1438 522 Discipuljs,

60 534 193 580 autin
213 532 350 579 Paulo
367 530 562 595 apostolo
582 531 745 576 venisse
761 568 772 587 ,
794 541 868 574 aut
886 530 929 574 in
951 531 1156 577 Montano
1171 539 1211 574 et
1226 529 1440 586 Priscilla,

60 604 173 649 sicut
195 602 496 666 Cataphryges
517 601 673 647 dicunt
689 638 701 657 ,
743 611 817 646 aut
840 600 886 645 in
914 600 1057 646 nescio
1075 617 1162 663 quo
1184 601 1354 645 Manere
1377 598 1446 644 vel

63 673 313 719 Manichaeo
327 709 339 728 ,
366 672 478 717 sicut
496 671 732 716 Manichaei
751 670 919 716 dicunt.
953 671 1063 715 Tam
1079 670 1195 715 enim
1214 668 1322 715 caeci
1343 678 1445 714 sunt

56 743 150 798 isti,
190 752 238 787 ut
262 741 510 805 Scripturas
547 740 795 786 manifestas
834 758 922 785 non
952 740 1225 800 intelligant3
1254 749 1329 784 aut
1352 748 1443 783 tam

49 812 309 872 negligentes
330 812 476 858 salutis
494 828 600 868 suae,
622 822 672 856 ut
697 810 875 856 omnino
889 828 977 856 non
991 810 1151 871 legant.
1173 810 1282 868 Quis
1306 809 1440 866 enim,

51 900 152 928 cum
188 882 356 942 legerit,
384 899 472 927 non
501 880 712 941 intelligat
744 881 811 927 vel
837 881 881 925 in
918 881 1158 940 Evangelio
1203 879 1323 944 quod
1347 888 1448 942 post

52 953 230 998 Domini
252 953 610 998 resurrectionem
653 952 867 1015 scriptum
904 962 990 1008 est,
1020 951 1191 998 dicente
1224 949 1441 995 Domino:

54 1043 74 1063 »
106 1023 196 1082 Ego
223 1023 347 1068 mitto
370 1023 631 1085 promissum
650 1022 792 1067 Patris
827 1021 912 1067 mei
932 1021 977 1067 in
996 1039 1097 1075 vos;
1122 1038 1197 1066 vos
1215 1031 1360 1066 autem
1381 1036 1446 1064 se-

54 1114 74 1134 »
97 1092 194 1137 dcte
218 1093 294 1138 liic
319 1094 364 1138 in
402 1093 576 1138 civitate
595 1129 606 1149 ,
653 1109 885 1156 quousque
914 1091 1158 1137 induamini
1199 1091 1360 1136 virtute
1400 1106 1448 1134 ex

54 1184 74 1203 »
99 1162 184 1207 alto
199 1161 249 1207 19
271 1185 290 1204 »
312 1164 367 1207 Et
390 1162 436 1207 in
460 1162 644 1207 Actibus
670 1161 989 1224 Apostolorum
1004 1198 1014 1214 ,
1049 1172 1335 1224 posteaquam
1359 1160 1448 1204 Do·
1468 1203 1470 1208 ,

51 1231 193 1277 minus
219 1232 455 1277 abscessita
477 1230 804 1294 Discipulorum
829 1231 968 1276 oculis
1003 1231 1049 1276 in
1072 1231 1236 1276 coelum
1253 1267 1263 1286 ,
1297 1229 1448 1275 decem

54 1302 208 1348 diebus
245 1302 456 1365 peractis,
486 1301 556 1347 die
579 1302 853 1346 Pentecostes
876 1318 965 1346 non
1002 1301 1235 1347 attendunt
1260 1299 1447 1364 apertis-

53 1372 158 1417 sime
179 1372 342 1417 venisse
369 1371 585 1435 Spiritum
613 1381 812 1416 sanctum
831 1390 843 1424 ;
868 1381 911 1416 et
934 1387 1038 1416 cum
1059 1381 1200 1416 essent
1221 1370 1287 1416 illi
1310 1370 1355 1415 in
1381 1367 1450 1414 ci-

54 1441 185 1487 vitate
219 1442 332 1487 sicut
357 1458 426 1487 eos
457 1451 555 1486 ante
594 1451 851 1496 monuerat,
880 1441 1058 1504 implex
1047 1458 1128 1486 isse
1167 1441 1290 1497 illos,
1316 1439 1378 1485 ita
1399 1448 1450 1484 ut

54 1515 332 1576 loquerentur
364 1511 572 1571 linguis2.
612 1512 723 1556 Nam
753 1511 935 1556 clioersae
965 1511 1160 1557 nationes
1200 1528 1302 1575 quae
1345 1521 1450 1555 tunc

57 1582 252 1637 aderant,
276 1582 607 1646 unusquisque
595 1580 803 1626 audienti
795 1597 868 1626 11111
887 1598 1007 1626 suani
1022 1581 1221 1641 linguam
1239 1580 1451 1640 intellige-

56 1652 179 1698 bant.
203 1652 288 1698 Sed
305 1653 374 1697 isti
404 1652 606 1697 homines
630 1651 859 1713 decipiunt
880 1668 949 1696 eos
972 1652 1050 1715 qui
1083 1651 1348 1711 negligentes
1373 1668 1452 1696 ca-

58 1721 268 1768 tholicam
287 1722 417 1767 fidem
435 1760 446 1778 ,
478 1732 520 1766 ct
542 1722 684 1785 ipsam
707 1721 839 1766 fidem
864 1739 988 1767 suam
1014 1738 1115 1786 quae
1141 1722 1188 1767 in
1213 1721 1452 1785 Scripturis

55 1791 281 1838 manifesta
301 1803 386 1848 est,
405 1792 562 1837 nolunt
588 1791 750 1847 dicere,
777 1802 819 1836 et
839 1792 959 1855 quod
988 1803 1050 1837 est
1071 1792 1244 1852 gravius
1269 1802 1311 1837 et
1330 1790 1449 1836 mul-

59 1872 151 1908 tum
169 1863 430 1919 dolendum,
467 1879 569 1908 cum
607 1862 653 1907 iu
674 1862 893 1908 catholica
915 1863 1183 1923 negligenter
1204 1872 1447 1918 versentur,

59 1933 278 1979 haereticis
301 1951 449 1979 aurem
473 1933 701 1992 diligenter
722 1933 1072 1980 accommodant.

124 2004 288 2050 XXXI.
322 2004 412 2048 Nec
442 2020 515 2048 eos
550 2002 805 2059 audiamus,
843 2003 921 2066 qui
945 2014 1141 2049 sanctam
1180 2002 1448 2058 Ecclesiam,

60 2089 162 2136 quae
183 2090 268 2118 una
287 2071 505 2117 catholica
529 2082 608 2128 est,
632 2082 792 2131 negant
818 2090 897 2135 per
928 2074 1080 2118 orbem
1109 2090 1196 2118 esse
1223 2072 1448 2129 diffusam,

63 2142 138 2187 sed
161 2143 207 2188 in
223 2143 312 2188 sola
339 2142 503 2198 Africa,
528 2142 615 2187 hoc
642 2153 729 2197 est,
749 2142 795 2187 in
816 2154 939 2205 parte
962 2143 1126 2188 Donati
1146 2142 1312 2206 pollere
1337 2143 1452 2188 arbi-

64 2222 250 2258 trantur.
292 2213 358 2257 Ita
381 2211 500 2257 surdi
520 2222 620 2256 sunt
663 2211 866 2258 adversus
896 2212 1169 2276 Proplietam
1209 2212 1450 2259 dicentem:

67 2303 88 2323 «
106 2282 235 2328 Filius
258 2299 376 2327 meus
399 2299 441 2327 es
462 2292 526 2337 tu,
554 2298 631 2341 ego
655 2281 787 2327 hodie
814 2283 942 2342 genui
971 2293 1032 2328 te:
1063 2283 1239 2345 postula
1274 2301 1297 2327 a
1325 2299 1393 2327 nie
1413 2292 1455 2327 et

67 2373 87 2393 »
111 2352 228 2397 dabo
253 2352 333 2396 tibi
370 2363 514 2412 gentes
552 2351 854 2397 haereditatem
894 2364 1039 2409 tuam,
1068 2363 1110 2398 et
1144 2353 1455 2416 possessionem

67 2444 87 2463 υ
111 2432 227 2468 tuam
246 2423 450 2467 terminos
478 2433 602 2468 terrae
616 2422 649 2469 3.
675 2445 694 2464 ›>
713 2423 769 2468 Et
793 2422 873 2468 alia
898 2423 1060 2479 multa,
1086 2424 1172 2468 sive
1195 2423 1241 2468 in
1261 2422 1450 2479 Veteris,

70 2493 156 2538 sive
177 2493 221 2537 in
249 2493 363 2538 'Novi
387 2494 651 2539 Testamenti
667 2493 809 2550 libris,
827 2511 925 2557 quae
940 2495 1096 2558 scripti
1114 2503 1238 2538 sunt
1262 2503 1309 2538 ut
1333 2510 1455 2557 aper-

71 2562 230 2607 tissime
259 2561 337 2607 dec
341 2562 427 2607 lare
417 2573 479 2607 uit
498 2563 736 2608 Ecclesiam
763 2564 931 2609 Christi
948 2581 1027 2627 per
1047 2563 1198 2608 orbem
1212 2573 1339 2608 tcirae
1363 2580 1452 2608 esse

74 2632 210 2678 diffus·
204 2651 287 2680 ·un.
316 2634 448 2690 Quod
463 2651 564 2679 cum
583 2634 642 2679 eis
654 2624 912 2694 objicimus,
936 2635 1119 2680 dicunt
1104 2651 1195 2694 jam
1213 2633 1294 2680 ista
1309 2634 1454 2680 omnia

121 2717 225 2749 ¹Luc.
242 2722 401 2760 xxiv,49.
417 2734 460 2739 —
479 2715 584 2750 ².Act
602 2722 693 2759 11,4.
705 2735 747 2741 —
769 2714 783 2738 3
804 2718 887 2750 Psal.
906 2728 939 2754 11,
961 2729 991 2756 7.
