1758 3246
232 263 324 309 626
392 279 426 309 s.
469 277 714 309 Areusrmt
751 277 956 308 EPISCOPI
990 279 1046 308 DE
1082 278 1198 309 CURA
1234 280 1456 322 Gnatam,
1495 283 1589 314 Ere.

230 354 372 390 autem
410 342 636 388 humando
658 343 875 407 quidquid
899 343 1167 408 impenditur
1184 382 1195 400 ,
1234 363 1322 391 non
1359 357 1420 392 est
1441 348 1598 410 praesi-

228 413 349 459 dium
369 412 542 469 salutis,
569 413 644 459 sed
661 413 947 460 humanitatis
962 415 1176 470 officium,
1203 416 1442 462 secundum
1468 419 1600 464 affec-

226 494 322 529 tum
331 501 419 547 quo
437 501 563 530 nemo
578 501 771 548 unquam
791 501 964 531 caruem
985 503 1107 531 suam
1126 486 1229 532 odio
1240 487 1389 534 habet.
1413 487 1447 534 1.
1473 487 1600 534 Unde

227 565 399 618 oportet
422 564 470 600 ut
489 571 622 617 quam
646 565 786 618 potest
809 573 890 619 pro
905 573 1031 601 carne
1059 556 1246 619 proximi
1270 574 1424 603 curam
1453 568 1594 618 gerat,

227 641 329 670 cum
355 625 426 671 ille
465 624 567 671 inde
588 628 806 671 recesserit
829 628 906 689 qui
932 626 1120 686 gerebat.
1152 627 1208 671 Et
1249 627 1283 672 si
1310 628 1407 674 haec
1431 628 1600 674 faciunt

224 697 302 759 qui
326 696 466 741 carnis
479 696 834 742 resurrectionem
856 714 943 742 non
960 696 1146 742 credunt
1161 733 1172 752 ‚
1195 708 1358 760 quanto
1372 699 1506 758 magis
1518 698 1600 745 de·-

224 766 333 812 bent
346 766 485 812 facere
508 767 585 829 qui
603 766 816 812 credunt:
849 778 897 813 ut
932 768 1109 831 corpori
1131 778 1305 814 mortuo
1319 806 1330 826 ,
1362 769 1435 815 sed
1455 780 1599 817 tamen

224 846 518 882 resurrecturo
536 847 578 881 et
593 836 640 881 in
657 837 896 883 aeternitate
912 854 1114 884 mansuro
1130 837 1375 901 impensum
1389 840 1601 900 ejusmodi

227 907 443 964 officium,
473 906 526 952 sit
551 907 677 953 etiam
699 907 890 971 quodam
914 908 1047 953 modo
1065 908 1251 968 ejusdem
1285 910 1387 956 fidei
1402 911 1601 956 testimo-

225 977 379 1023 nium?
408 976 540 1035 Quod
573 994 674 1023 vero
714 978 896 1041 quisque
927 978 1045 1042 apud
1088 980 1315 1025 Memorias
1354 982 1600 1044 Martyrum

223 1048 457 1112 sepelitur,
480 1048 568 1094 hoc
601 1058 772 1094 tantum
800 1049 911 1094 mihi
936 1049 1109 1095 videtur
1131 1050 1331 1114 prodesse
1359 1050 1596 1108 defuncto,

224 1128 276 1165 ut
287 1117 597 1165 commendans
615 1135 713 1165 eum
731 1119 864 1165 etiam
881 1120 1126 1183 Martyrum
1144 1122 1407 1184 patrocinio,
1423 1122 1602 1169 affectus

224 1206 307 1253 pro
327 1189 405 1235 illo
421 1188 751 1253 supplicationis
774 1200 993 1249 augeatur.

290 1261 461 1307 XXIII.
502 1260 649 1306 Habes
664 1259 719 1306 ad
736 1278 785 1307 ea
801 1277 900 1324 quae
927 1279 950 1307 a
975 1278 1043 1306 me
1057 1263 1222 1325 putasti
1238 1279 1326 1311 esse
1343 1261 1598 1328 quaerenda,

227 1331 400 1395 qualem
423 1329 550 1395 potui
565 1330 747 1377 reddere
770 1331 1096 1394 responsionem
1116 1349 1282 1378 meam:
1309 1350 1409 1397 quae
1431 1333 1468 1379 si
1482 1333 1603 1387 ,ultra

227 1419 360 1467 quam
379 1403 479 1450 satis
497 1412 559 1448 est
572 1402 738 1465 prolixa
757 1413 836 1459 est,
863 1402 919 1448 da
941 1403 1112 1449 veniam
1131 1403 1204 1449 :id
1218 1406 1332 1449 enim
1349 1403 1516 1450 factum
1541 1414 1605 1450 est

228 1491 373 1524 amore
383 1473 548 1519 diutius
562 1472 773 1535 loquendi
787 1483 946 1519 tecum.
964 1473 1096 1519 Hunc
1110 1491 1209 1534 ergo
1218 1473 1383 1520 librum
1398 1475 1604 1538 quemad-

224 1543 408 1596 modum
431 1543 647 1607 acceperit
674 1543 930 1590 venerabilis
949 1543 1135 1590 Dilectio
1157 1545 1268 1601 Tua,
1300 1560 1403 1609 peto
1423 1545 1604 1609 rescrip-

227 1615 282 1662 tis
300 1615 384 1660 tuis
403 1614 615 1671 noverim,
639 1631 767 1678 quem
790 1615 875 1661 tibi
898 1615 1090 1679 perlator
1110 1620 1200 1676 ejus
1213 1615 1448 1663 faciet-sine
1466 1616 1606 1663 dubio

228 1685 459 1746 gratiorem
476 1722 487 1740 ‚
512 1683 646 1730 frater
668 1685 830 1732 scilicet
850 1697 892 1731 et
920 1686 1250 1750 compresbyter
1271 1698 1415 1734 noster
1433 1686 1606 1734 Candi-

228 1756 406 1812 dianus,
427 1773 557 1819 quem
576 1773 655 1819 per
672 1766 767 1802 tuas
790 1756 952 1802 litteras
986 1757 1209 1817 cognitum
1239 1767 1330 1804 toto
1355 1757 1490 1809 corde.
1509 1773 1606 1805 sus—

229 1828 344 1892 cepi,
373 1827 619 1891 invitusqus
634 1827 796 1875 dimisi.
824 1827 1017 1874 Multum
1053 1828 1169 1874 enim
1201 1845 1280 1874 nos
1310 1828 1358 1875 in
1393 1828 1607 1876 charitate

233 1896 400 1946 Christi
421 1914 498 1944 sua
522 1898 756 1961 praesentia
782 1898 1030 1945 consolatus
1052 1908 1139 1955 est,
1166 1909 1208 1944 et
1240 1898 1359 1963 quod
1382 1898 1609 1946 fatendum

231 1979 313 2026 est,
332 1972 424 2029 ejus
442 1968 649 2014 instantia
673 1969 755 2015 tibi
787 1971 932 2033 parui.
961 1970 1172 2016 Nam-cor
1200 1985 1345 2015 meu-111
1366 1979 1486 2019 tanta
1517 1968 1615 2016 dis-

232 2039 444 2097 tendunt,
481 2050 530 2086 ut
563 2039 645 2086 nisi
668 2041 765 2104 ipso
802 2040 971 2087 assidue
1004 2051 1310 2087 commonente
1336 2058 1405 2088 me
1430 2058 1519 2088 non
1547 2040 1610 2088 si·-

233 2121 356 2159 neret
402 2110 622 2168 oblivisci,
665 2111 862 2176 profecto
903 2111 1229 2171 interrogationi
1255 2122 1343 2159 tuae
1381 2128 1477 2159 mea
1517 2128 1628 2158 res-⁷

233 2180 388 2246 ponsio
405 2180 623 2228 defuisset.

284 2270 295 2292 ¹
315 2268 431 2315 Ephes.
449 2280 481 2309 v,
499 2280 556 2310 ²9·

426 2451 544 2485 FINIS
578 2451 688 2483 ΤΟΜῙ
723 2451 959 2483 CENTESIMI
993 2451 1417 2484 TRIGESIMI-TERTII.
