1758 3246
359 287 412 321 m:
448 288 548 320 rior,
585 288 637 318 ET
674 285 913 327 ormam,
954 286 1039 321 tta.
1084 288 1114 323 1.
1383 275 1444 325 83

68 342 205 397 solum
228 350 336 408 fuit,
359 351 461 414 quia
483 350 527 394 in
550 348 775 394 Christum
815 365 902 393 non
932 350 1234 409 crediderunt,
1265 369 1444 400 verum-

67 422 194 468 etiam
216 423 317 485 quia
342 421 567 465 Christum
588 418 866 471 01:‹†ide1·unt;
893 435 1078 481 quorum
1103 439 1238 467 unum
1258 426 1444 486 pertinet

68 493 118 536 ad
137 493 299 537 crimen
322 490 640 536 incredulitatis
654 526 664 544 ‚
685 488 868 533 alterum
886 489 940 533 ad
966 490 1131 536 crimen
1149 493 1433 543 crudelitatis,

67 561 182 607 'fflud
206 578 304 620 ergo
324 571 385 605 est
404 570 552 605 contra
588 560 719 603 fidem
746 569 930 614 rectam,
958 559 1073 605 istud
1099 572 1251 607 contra
1275 564 1439 611 bonam

67 632 212 676 vitam.
252 631 443 692 Utroque
485 639 626 674 autem
671 628 775 673 vitio
819 639 961 684 caret,
1005 630 1080 692 qui
1123 630 1255 676 fidem
1279 633 1444 682 Christi

66 700 225 751 haben
257 717 343 744 non
386 700 474 744 sine
502 698 709 761 operibus
734 708 978 755 mortuam,
1006 717 1106 762 quae
1131 702 1261 746 etiam
1292 703 1338 747 iu
1362 704 1435 749 de-

67 770 267 814 monibus
301 770 520 814 invenitur
541 768 553 797 ¹
574 788 584 821 ·,
613 767 684 812 sed
722 767 853 812 fidem
879 769 1052 827 gratim,
1081 787 1181 833 quae
1201 789 1278 833 per
1304 772 1444 819 dilec-

66 840 223 884 tionem
245 839 497 901 operatur2.

128 911 333 956 xxxix.
363 911 470 955 Haec
498 920 559 954 est
576 908 681 953 fides
704 907 757 953 de
775 925 862 971 qua
881 908 1070 955 dicitur:
1094 932 1114 951 «
1138 912 1340 972 Regnum
1356 931 1445 961 coe-

66 1002 86 1021 »
111 980 252 1025 lorum
289 981 403 1025 intra
428 997 502 1025 vos
531 990 592 1024 est
617 979 649 1026 3.
683 1000 702 1019 n
727 979 822 1023 Hoc
848 980 963 1024 enim
987 980 1226 1044 diripiunt,
1259 984 1336 1047 qui
1356 986 1444 1030 vim

63 1051 229 1096 faciunt
241 1050 477 1103 credendo,
499 1051 778 1111 impetrantes
800 1050 1012 1112 Spiritum
1026 1051 1270 1109 charitatis,
1294 1055 1370 1100 ubi
1385 1068 1446 1101 est

63 1119 287 1184 plenitudo
301 1119 403 1178 legis
417 1156 426 1174 ‚
449 1119 537 1163 sine
557 1135 644 1180 qua
667 1118 794 1163 lexin
817 1119 959 1164 littera
981 1138 1074 1166 reos
1093 1120 1283 1169 faciebat
1311 1126 1442 1172 etiam

61 1188 431 1253 praevaricationis
453 1186 486 1234 4.
512 1188 608 1232 Non
622 1187 767 1250 itaque
780 1189 1028 1250 putandnm
1047 1202 1108 1236 est
1128 1192 1225 1238 ideo
1245 1193 1438 1240 dictum:

64 1281 84 1300 α
102 1262 299 1317 Regnum
313 1258 525 1302 coelorum
548 1257 637 1302 vim
658 1258 843 1320 patitur,
872 1269 914 1302 et
937 1260 1014 1321 qui
1028 1260 1313 1319 vnnfaciunt,
1340 1264 1444 1311 diri-

64 1350 85 1371 »
112 1328 241 1391 piunt
260 1326 431 1380 illud53
455 1349 474 1368 >2
496 1327 598 1389 quia
622 1327 752 1371 etiam
774 1327 879 1372 mali
898 1331 1204 1376 tantummodo
1224 1333 1443 1380 credendo

63 1409 104 1444 et
128 1398 307 1461 pessime
334 1396 521 1443 vivendo
540 1396 802 1460 perveniunt
824 1397 872 1442 in
897 1415 1080 1458 regnum
1103 1401 1344 1449 coelorum:
1368 1406 1443 1452 sed

62 1469 165 1533 quia
191 1479 334 1513 reatus
355 1468 426 1513 ille
457 1468 854 1531 praevaricationis,
891 1486 1023 1532 quem
1053 1470 1141 1517 sola
1179 1472 1266 1531 leit,
1292 1475 1335 1521 id
1351 1487 1440 1535 est,

62 1540 204 1585 littera
227 1537 315 1582 sine
345 1538 502 1600 spiritu
517 1537 716 1597 jubendo
744 1538 960 1595 faciebat,
998 1541 1217 1587 credendo
1237 1545 1439 1604 solvitur,

63 1618 105 1653 et
122 1607 327 1653 violentia
358 1607 461 1652 fidei
489 1607 679 1670 Spiritus
701 1617 876 1652 sanctus
904 1608 1192 1672 impetratum
1212 1630 1292 1676 per
1313 1632 1443 1678 quem

64 1679 219 1724 diffusa
251 1677 463 1722 charitate
490 1678 535 1722 in
560 1677 769 1722 cordibus
812 1679 1017 1736 nostris⁶‚
1065 1680 1133 1727 lex
1161 1699 1249 1730 non
1286 1685 1442 1734 timore

62 1765 209 1812 poenae
224 1785 235 1804 ,
266 1747 339 1792 sed
350 1748 532 1807 justitiae
552 1764 696 1792 amore
713 1748 974 1811 completur.

127 1821 220 1865 XL.
245 1819 531 1881 Nequaquam
551 1835 651 1877 ergo
673 1835 792 1863 mens
810 1819 987 1866 incauta
999 1821 1191 1881 fallatur,
1209 1836 1258 1872 ut
1274 1844 1316 1872 se
1341 1831 1443 1876 exis-

63 1889 184 1934 timet
208 1888 350 1933 Deum
366 1888 631 1947 cognovisse,
652 1888 686 1933 si
702 1905 801 1934 eum
821 1889 908 1934 fide
931 1903 1120 1948 mortua,
1150 1894 1236 1942 hoc
1251 1908 1331 1955 est,
1353 1901 1444 1947 sine

63 1959 188 2005 bonis
212 1958 420 2022 operibus
454 1959 730 2015 confiteatur,
758 1977 876 2005 more
903 1961 1178 2019 daemonum3
1203 1978 1245 2012 et
1267 1968 1365 2016 ideo
1404 1991 1445 2019 se

59 2033 149 2089 jam
171 2046 259 2074 non
281 2028 454 2074 dubitet
475 2028 529 2074 ad
552 2029 686 2074 vitam
709 2041 914 2076 aeternam
935 2049 1021 2078 esse
1042 2045 1271 2082 venturam
1285 2075 1297 2095 ,
1342 2044 1444 2104 quia

66 2100 277 2146 Dominus
301 2098 437 2145 dicit:
470 2121 490 2141 α
513 2100 622 2145 Haec
641 2111 704 2145 est
727 2111 870 2147 autem
893 2102 981 2148 vita
999 2114 1178 2162 aeterna,
1205 2118 1253 2152 ut
1265 2126 1443 2171 cognos-

65 2193 85 2214 »
104 2181 207 2217 cant
231 2181 271 2217 te
297 2187 435 2216 111111111
454 2188 605 2218 verum
633 2171 798 2229 Deum,
836 2183 878 2218 et
918 2190 1049 2237 quem
1091 2177 1246 2224 misisti
1290 2182 1440 2231 Jesum

65 2265 86 2286 »
112 2243 341 2288 Christum
365 2243 398 2289 7.
417 2265 436 2284 »
455 2243 610 2289 Venire
628 2244 794 2307 quippe
818 2244 950 2290 debet
970 2247 1099 2292 etiam
1118 2247 1229 2294 illud
1247 2251 1294 2298 in
1317 2272 1444 2302 men—-

66 2326 148 2359 tem
165 2351 175 2370 ‚
202 2313 321 2376 quod
344 2314 556 2377 scriptum
576 2325 659 2359 est:
705 2336 725 2356 α
741 2316 793 2360 ln
818 2315 903 2362 hoc
921 2319 1223 2376 cognoscimus
1247 2341 1346 2371 eum
1365 2364 1376 2383 ‚
1405 2330 1441 2374 si

66 2411 87 2434 2>
112 2389 316 2435 mandata
338 2394 427 2450 ejus
448 2407 676 2437 servemus.
706 2392 795 2447 Qui
825 2392 958 2448 dicit,
982 2395 1084 2458 quia
1104 2401 1287 2458 cognovi
1313 2420 1410 2449 eum
1428 2443 1440 2461 ‚

67 2481 86 2502 »
109 2470 151 2505 et
178 2459 383 2505 mandata
399 2463 489 2521 ejus
510 2477 597 2506 non
615 2473 756 2507 servat
771 2499 782 2519 ‚
806 2463 988 2509 mendax
1016 2476 1078 2511 est
1096 2504 1107 2523 ‚
1132 2469 1236 2514 etin
1260 2470 1346 2517 hoc
1365 2491 1442 2519 ve-

116 2553 125 2576 ¹
146 2553 260 2587 Jacob.
282 2565 318 2595 11,
342 2565 392 2585 20.
409 2552 482 2577 ...2
499 2556 602 2587 Gatat.
621 2566 652 2598 v,
668 2556 699 2587 6.
719 2574 763 2581 —·
777 2555 791 2579 3
809 2560 884 2592 Luc.
905 2570 994 2599 xvn,
1018 2571 1070 2592 21.
1088 2578 1134 2584 --
1148 2558 1161 2584 4
1179 2564 1272 2596 Rom.
1287 2576 1364 2608 xm,
1393 2580 1444 2604 ιο,

68 2607 142 2635 -5
168 2609 282 2643 Mauh.
312 2621 355 2648 x1‚
381 2621 433 2643 12.
453 2608 528 2637 ...6
550 2614 643 2645 Rom.
680 2625 711 2655 v,
741 2613 774 2650 5.
801 2630 845 2639 --
875 2613 889 2636 ⁷
916 2617 1010 2647 Joan.
1036 2626 1115 2658 xvu,
1145 2619 1174 2652 3.

1261 2674 1305 2727 6.
