1758 3246
373 334 427 368 niz
464 338 601 370 oveas
637 336 964 378 uomentium,
1003 339 1087 371 mn.
1131 341 1160 371 1.
1364 319 1456 372 56¹3

99 396 281 460 bonum,
309 414 393 450 tam
412 414 625 459 sanctum,
650 403 767 468 quod
787 403 834 449 in
856 402 1021 449 Christi
1042 405 1212 451 nomine
1231 407 1452 470 cupimus,

98 473 209 542 sieut
239 492 319 538 per
348 475 449 521 alias
479 485 633 532 terras,
662 476 721 520 sic
749 491 826 538 per
854 483 988 520 totam
1013 474 1200 522 Africam
1224 477 1454 540 pullulare.

101 543 253 590 Nonne
275 562 373 604 ergo
399 545 728 591 inflammamini
761 544 849 590 zelo
884 544 990 589 Dei?
1025 545 1177 591 'Nonne
1205 547 1462 593 concalescit

99 629 174 660 cor
196 626 384 661 vestrum
402 616 513 661 intra
535 632 628 672 vos,
656 626 696 661 et
715 615 758 660 in
776 614 1052 660 meditatione
1077 626 1212 662 vestra
1231 616 1464 664 exardescit

99 684 256 745 ignis1‚
287 697 334 732 ut
355 687 532 733 istorum
557 687 668 733 mala
696 703 827 752 opera
849 686 976 732 bonis
995 687 1200 750 operibus
1226 704 1461 751 persequa-

102 758 226 804 mini.
253 769 300 804 ut
321 759 378 804 eis
401 759 630 822 amputetis
647 758 912 804 occasionem
933 760 1125 822 turpium
1150 758 1462 815 nundinarum,

102 828 262 890 quibus
284 829 536 874 existimatio
561 840 697 875 vestra
721 827 919 884 laeditur,
953 839 995 874 et
1018 828 1199 874 infirmis
1222 828 1466 875 offendicu-

100 897 193 944 lum
216 900 423 963 ponitur?
452 900 710 946 Miseremini
733 916 833 959 ergo
855 910 895 945 et
915 899 1231 963 compatimini,
1258 910 1300 945 et
1320 910 1468 945 osten—

101 967 189 1015 dite
213 969 483 1026 hominibus,
511 987 596 1015 non
622 987 696 1016 vos
719 969 764 1014 in
788 970 876 1015 otio
895 969 1065 1015 facilem
1091 970 1273 1027 victum,
1296 969 1368 1016 sed
1390 986 1470 1034 per

101 1049 325 1099 angustam
354 1051 396 1086 et
425 1051 586 1086 arctam
614 1042 729 1087 viam
755 1040 887 1100 hujus
918 1040 1150 1104 propositi,
1179 1057 1357 1100 regnum
1389 1040 1471 1086 Dei

100 1125 303 1172 quaerere.
340 1109 502 1156 Eadem
531 1111 655 1157 vobis
684 1128 813 1157 causa
840 1121 901 1156 est
927 1128 1026 1175 quae
1055 1111 1260 1175 Apostolo
1290 1110 1391 1167 suit,
1420 1119 1470 1155 ut

101 1180 330 1242 amputetis
349 1181 616 1227 occasionem
635 1181 686 1226 iis
704 1181 781 1244 qui
797 1192 1002 1244 quaerunt
1018 1182 1305 1237 occasionem,
1327 1191 1375 1226 ut
1393 1179 1471 1243 qui

99 1248 272 1296 illorum
295 1251 527 1314 putoribus
549 1250 863 1314 praefocantur,
885 1251 930 1296 in
948 1250 1080 1296 odore
1101 1261 1239 1296 vestro
1259 1250 1376 1297 bono
1397 1266 1470 1295 re-

99 1319 345 1369 ficiantur2.

161 1392 386 1440 XXXVII.
429 1393 527 1438 'Non
552 1392 774 1453 alligamus
794 1409 922 1438 onera
945 1391 1110 1453 gravia.
1140 1402 1182 1436 et
1203 1391 1352 1450 vestri-s
1378 1391 1463 1438 hu-

85 1463 223 1508 'meris
257 1463 522 1527 imponimus
553 1481 653 1528 quae
690 1481 766 1510 nos
786 1463 921 1523 digito
961 1464 1167 1524 attingere
1200 1462 1401 1509 nolumus
1421 1463 1455 1510 3.

100 1534 293 1591 Quaerite
308 1572 319 1591 ,
345 1546 386 1580 et
413 1537 627 1595 agnoscite
645 1534 814 1580 labores
838 1535 1176 1598 occupationum
1201 1544 1466 1590 nostrarum,

99 1605 202 1650 etin
219 1604 437 1668 aliquibus
472 1616 695 1652 nostorum
727 1606 855 1652 etiam
891 1622 1126 1669 corporum
1168 1604 1468 1664 infirmitates,

99 1688 140 1722 et
161 1675 450 1722 Ecclesiarum
486 1678 646 1741 quibus
676 1677 882 1723 servimus
912 1677 1040 1723 talem
1056 1681 1147 1737 jam
1178 1676 1461 1722 consuetudi-

99 1765 218 1804 nem,
243 1758 291 1793 ut
313 1765 390 1793 nos
410 1747 463 1793 ad
493 1748 565 1793 illa
581 1765 712 1811 opera
741 1748 795 1793 atl
831 1765 932 1812 quae
970 1766 1044 1794 vos
1065 1748 1293 1794 hortamur
1311 1765 1466 1795 vacare

100 1836 187 1865 non
227 1820 384 1868 sinaut.
420 1822 683 1884 Quanquam
721 1821 834 1866 enim
871 1821 1014 1866 dicere
1039 1821 1282 1885 possimus:
1318 1820 1468 1876 «Quis

101 1913 120 1933 n
147 1891 303 1938 militat
333 1893 418 1938 suis
445 1893 668 1956 stipendiis
694 1895 917 1956 unquam?
945 1893 1053 1948 Quis
1075 1891 1243 1956 plantat
1278 1892 1464 1947 vineam,

100 1984 119 2003 »
140 1972 180 2008 et
210 1962 262 2008 de
284 1961 432 2008 fructu
450 1967 540 2024 ejus
563 1981 651 2010 non
671 1963 792 2009 edit?
819 1963 926 2019 Quis
946 1964 1085 2026 pascit
1111 1979 1276 2023 gregem
1297 1999 1306 2018 ,
1333 1972 1375 2006 et
1407 1960 1461 2007 de

100 2055 120 2074 »
143 2035 254 2082 lacte
277 2036 413 2096 gregis
434 2053 521 2082 non
544 2033 760 2100 percipit&
776 2038 794 2080 ,Ὗ
811 2035 1009 2080 »Tamen
1041 2035 1277 2080 Dominum
1294 2033 1461 2086 Jesum,

97 2108 143 2154 in
168 2113 292 2169 cujus
308 2109 479 2154 nomine
499 2124 673 2153 securus
707 2107 805 2152 haec
825 2105 946 2163 dico,
982 2116 1132 2152 testem
1161 2105 1316 2150 invoco
1335 2119 1465 2166 super

99 2181 289 2226 animam
304 2197 439 2225 meam
453 2216 463 2234 ,
485 2179 690 2242 quoniam
712 2189 926 2242 quantum
948 2179 1098 2223 attinet
1115 2175 1169 2222 ad
1191 2191 1332 2222 meum
1346 2191 1461 2219 com-

97 2251 304 2307 modum,
354 2250 489 2296 multo
515 2249 682 2295 mallem
724 2267 800 2313 per
823 2248 1012 2310 singulos
1040 2247 1130 2294 dies
1153 2248 1278 2294 certis
1318 2246 1456 2301 horis,

96 2335 309 2388 quantum
326 2324 372 2370 in
389 2324 497 2369 bene
516 2321 746 2368 moderatis
770 2322 1034 2368 monasteriis
1052 2320 1334 2367 constitutum
1359 2327 1421 2362 est
1438 2354 1452 2373 ,

99 2396 262 2461 aliquid
296 2396 501 2441 manibus
531 2394 723 2457 operari,
756 2407 796 2439 et
829 2405 1004 2440 caeteras
1040 2393 1165 2438 horas
1203 2390 1364 2436 habere
1398 2387 1456 2435 ad

97 2466 326 2528 legendum
360 2478 401 2512 et
436 2466 673 2521 orandum,
702 2476 776 2512 aut
810 2464 975 2528 aliquid
1014 2463 1067 2509 tle
1091 2462 1249 2508 ‹lt-«sinis
1287 2460 1461 2506 Litteris

99 2537 311 2599 agendum
340 2537 498 2583 liberas
516 2575 527 2594 ,
557 2554 686 2600 quam
726 2535 1126 2582 tumultuosissimas
1165 2530 1460 2596 perplexitates

147 2628 157 2650 ¹
192 2627 272 2659 Psal.
296 2637 446 2661 xxxvia,
477 2633 508 2663 4.
539 2645 581 2651 --
616 2625 631 2647 ²
656 2633 678 2657 '2
714 2629 788 2658 Cor.
822 2636 879 2663 xi,
913 2635 962 2654 12.
993 2639 1037 2646 -—
1063 2620 1077 2643 ‘³
1106 2624 1207 2653 maun
1246 2625 1462 2658 xx111‚4.—-·

99 2678 113 2702 ⁴
137 2693 148 2711 1
170 2683 244 2713 (lor.
262 2691 292 2719 v,
315 2692 344 2719 7.

1241 2728 1315 2772 343.
