1758 3246
368 307 420 336 DE
459 304 607 334 AGONE
644 304 932 343 ‹ztluts'slANQ
972 306 1059 334 [AB.
1106 309 1132 336 Ι.
1377 304 1464 351 199

91 369 227 417 oculis
254 370 509 417 hominum:
537 369 609 415 sed
653 370 781 415 ambo
816 369 888 415 illa
921 386 1125 433 corpora,
1153 386 1252 415 vera
1282 385 1469 432 corpora

92 440 321 488 credimus.
355 440 477 486 Sicut
494 441 608 486 enim
632 458 719 485 non
745 440 976 503 oportebat
994 451 1043 485 ut
1076 439 1272 485 homines
1302 439 1471 485 falleret

94 511 226 558 Filius
249 512 328 557 Dei
343 549 354 567 ,
377 512 437 557 sic
465 529 553 557 non
577 511 761 556 decebat
786 522 833 556 ut
856 511 1054 556 homines
1088 509 1254 555 falleret
1278 510 1469 571 Spiritus

92 593 285 627 sanctus:
313 581 386 627 sed
409 582 698 644 omnipotenti
736 583 826 627 Deo
860 582 937 645 qui
958 581 1203 627 universam
1222 589 1467 624 ereaturam

91 651 144 696 de
160 651 298 697 nihilo
314 651 569 707 fabricavit,
592 668 679 696 non
702 662 791 696 erat
808 651 984 697 difficile
1012 667 1164 696 verum
1199 665 1360 712 corpus
1391 665 1472 693 co-

88 720 253 766 lumbae
278 721 367 766 sine
390 721 574 767 aliorum
598 722 903 767 columborum
921 720 1158 766 ministerio
1173 720 1384 779 figurare,
1415 718 1470 764 si-

91 801 166 836 cut
177 791 215 836 ei
228 808 315 837 non
339 792 423 837 fuit
443 791 619 838 difficile
637 807 786 837 verum
807 808 966 856 corpus
990 792 1035 837 in
1063 802 1184 837 utero
1202 789 1352 835 Mariae
1377 787 1469 834 sine

90 861 206 907 virili
227 862 382 908 semine
410 862 625 908 fabricare
653 880 663 908 t
693 879 793 908 cum
821 874 976 909 natura
1000 878 1207 925 corporea
1227 870 1269 906 et
1304 859 1350 905 in
1381 859 1471 904 vis-

91 932 262 978 ceribus
294 932 488 978 foeminae
515 933 569 979 ad
602 933 881 979 formandum
918 933 1139 979 hominem
1155 969 1165 987 ,
1205 941 1246 975 et
1286 930 1332 975 in
1375 929 1471 991 ipso

91 1002 256 1047 mundo
280 1002 334 1047 ad
351 1003 626 1049 formandam
645 1004 895 1049 columbam
916 1003 1101 1066 imperio
1113 1000 1292 1047 Domini
1309 998 1470 1045 Volun-

92 1072 255 1135 tatique
271 1074 460 1120 serviret.
489 1074 574 1119 Sed
597 1074 715 1119 stulti
755 1074 953 1119 homines
982 1085 1023 1119 et
1051 1073 1219 1128 miseri,
1241 1069 1363 1133 quod
1398 1077 1472 1114 aut

91 1142 172 1205 ipsi
192 1143 330 1190 facere
347 1161 435 1189 non
449 1155 648 1207 possunt.
667 1156 741 1190 aut
757 1145 801 1190 in
819 1145 907 1190 vita
920 1161 996 1190 sua
1006 1159 1233 1206 nunquam
1246 1140 1468 1194 viderunt,

91 1214 218 1258 etiam
235 1214 290 1259 ab
311 1215 608 1277 omnipotente
631 1216 721 1259 Deo
739 1214 831 1259 fieri
851 1214 1041 1277 potuisse
1057 1230 1145 1258 non
1167 1210 1365 1257 credunt.

155 1283 291 1329 XXV.
313 1284 403 1329 Nec
421 1301 490 1329 eos
509 1284 735 1330 audiamus
750 1321 760 1333 ,
783 1285 859 1346 qui
874 1295 1102 1347 propterea
1122 1282 1277 1328 volunt
1297 1295 1468 1339 cogere,

92 1363 140 1398 ut
159 1353 270 1399 inter
286 1365 502 1400 creaturas
520 1355 660 1399 Filum
678 1355 757 1399 Dei
774 1370 1051 1399 numeremus
1065 1391 1076 1409 ‚
1101 1354 1202 1416 quia
1220 1366 1370 1414 passus
1387 1359 1465 1395 est.

93 1423 260 1470 Dicunt
281 1424 422 1470 enim:
453 1425 499 1470 Si
521 1442 671 1488 passus
686 1435 765 1471 est.
791 1424 1016 1470 mutabilis
1033 1435 1113 1479 est,
1136 1434 1179 1468 et
1197 1423 1231 1468 si
1247 1419 1474 1466 mutabilis

93 1503 177 1548 ests
205 1505 403 1540 creatura
426 1505 513 1549 est;
542 1495 645 1558 quia
673 1495 751 1540 Dei
774 1495 1015 1540 substantia
1032 1511 1121 1539 non
1147 1502 1289 1556 potest
1313 1491 1472 1535 immu-

93 1564 189 1611 tari.
218 1566 329 1610 Cum
350 1566 510 1628 quibus
528 1567 656 1611 ctiam
682 1583 759 1611 nos
779 1564 992 1612 dicimus.
1021 1575 1064 1610 et
1083 1564 1160 1609 Dei
1184 1560 1474 1608 substantiam

93 1637 452 1682 commutarinon
472 1654 619 1700 posse
648 1648 689 1682 et
707 1647 947 1682 creaturam
969 1653 1056 1681 osse
1080 1633 1353 1680 mutabilem.
1385 1629 1474 1675 Sed

93 1704 211 1750 aliud
235 1717 296 1751 est
314 1723 399 1751 esse
418 1717 659 1752 creaturam
677 1717 718 1751 et
741 1706 855 1752 aliud
877 1706 1091 1769 suscipere
1109 1714 1368 1750 creaturam.
1407 1699 1473 1744 Pi-

93 1774 174 1820 lius
200 1792 299 1835 ergo
322 1776 565 1836 unigenitus
588 1775 687 1827 Dei
714 1775 790 1839 qui
816 1786 877 1820 cst
902 1775 1049 1821 Virtus
1078 1786 1120 1820 et
1145 1770 1368 1850 Sapientia
1395 1768 1475 1813 Dei

94 1855 136 1889 et
157 1844 352 1890 Verbum
376 1863 455 1908 per
487 1846 606 1909 quod
647 1846 761 1891 facta
798 1856 899 1890 sunt
922 1846 1091 1895 omnia
1118 1844 1222 1907 quia
1251 1837 1477 1886 immutari

93 1931 181 1959 non
202 1925 345 1977 potest
361 1916 563 1972 omnino,
587 1916 777 1978 suscepit
796 1916 1036 1961 humanam
1055 1924 1318 1963 creaturam
1341 1925 1477 1972 quam

93 1983 258 2046 lapsam
283 1985 464 2044 θήξετε,
495 1996 624 2048 atque
643 1986 923 2030 inveteratam
941 2001 1148 2029 renovare
1166 1983 1369 2042 dignatus
1392 1988 1468 2023 est.

96 2054 219 2098 Nec
208 2071 253 2098 ln
273 2071 320 2098 ea
337 2072 415 2116 per
430 2055 671 2117 passionem
692 2056 784 2117 ipse
801 2055 844 2099 in
859 2055 1046 2099 deterius
1070 2061 1364 2099 commutatus
1393 2057 1473 2102 est,

94 2122 167 2168 sed
189 2140 283 2168 eam
308 2124 456 2186 potius
479 2142 558 2187 per
582 2125 937 2169 resuriectionem
962 2125 1008 2169 in
1048 2124 1201 2169 melius
1225 2128 1476 2167 commuta-

93 2192 170 2238 vit.
197 2193 285 2237 Nec
303 2205 532 2257 propterea
543 2195 734 2240 Verbum
754 2195 917 2241 Patris
944 2195 990 2239 id
1011 2205 1090 2249 est,
1108 2194 1290 2240 unicum
1308 2188 1389 2233 Dei
1404 2186 1450 2232 I
1439 2204 1473 2232 1-

41 2291 44 2293 -
93 2261 201 2307 lium
218 2280 327 2326 ‚per
354 2281 483 2326 quem
508 2264 537 2309 f
529 2276 621 2310 vcta
645 2276 745 2310 sunt
772 2265 940 2312 omnia.
968 2265 1218 2324 negandum
1239 2272 1302 2307 est
1320 2269 1473 2304 natum

95 2343 136 2377 et
157 2350 334 2395 passum
354 2351 440 2379 esse
457 2353 538 2398 pro
564 2336 701 2380 nobis.
727 2336 781 2380 Ft
804 2336 1017 2398 Martyres
1035 2335 1150 2380 enim
1185 2347 1332 2396 passos
1359 2326 1475 2373 dici·-

95 2419 190 2448 mus
213 2414 254 2448 et
269 2415 463 2450 mortuos
484 2416 670 2469 piopter
690 2423 818 2465 regna
839 2406 1078 2459 coelorum3
1107 2415 1342 2450 nectamcn
1363 2399 1410 2443 in
1427 2413 1477 2441 ea

93 2473 292 2535 passione
317 2485 359 2520 et
390 2487 528 2522 morte
547 2476 703 2522 animas
725 2493 874 2522 eorum
899 2477 1053 2523 occisae
1073 2486 1191 2521 sunt.
1223 2471 1341 2517 Dicit
1361 2467 1478 2513 enim

96 2542 333 2588 Dominus:
376 2565 397 2586 a
437 2546 576 2591 'Nolite
617 2546 764 2591 timeie
803 2563 872 2591 eos
919 2547 994 2609 qui
1032 2562 1191 2609 corpus
1233 2538 1472 2591 occidunt,
