1758 3246
318 318 372 347 DE
410 316 510 347 rime
547 315 600 346 Er
636 315 874 355 omnnem,
914 316 1001 346 me.
1046 318 1075 347 1.
1342 302 1408 363 [19

29 383 293 429 firmissimos
311 380 526 427 reddunt1
540 418 551 438 ,
572 392 620 426 111
642 381 807 427 etiamsi
827 379 1032 426 videntur
1045 381 1091 425 in
1110 381 1300 427 Ecclesia
1318 399 1407 428 esse

28 454 187 499 zizania
206 490 218 509 ,
255 470 343 498 11011
372 464 515 499 tamen
547 452 811 516 impediatur
841 463 915 497 aut
949 451 1055 497 fides
1073 488 1084 507 ,
1114 463 1188 496 aut
1215 453 1410 500 charitas

27 535 194 579 nostra,
231 533 279 567 ut
308 523 513 586 quoniam
555 523 716 569 zizania
751 539 836 567 esse
860 523 905 567 in
934 522 1127 567 Ecclesia
1157 524 1374 570 cernimus
1392 562 1405 581 ,

28 594 110 656 ipsi
129 593 183 638 de
205 593 397 638 Ecclesia
416 593 716 655 recedamus)‚
738 591 1059 638 destituendam
1078 603 1237 654 putant
1260 593 1408 638 Eccle-

28 664 100 708 siae
138 662 442 725 disciplinam„
474 662 710 725 quamdam
733 661 1101 726 perversissimam
1134 662 1403 708 securitatem

27 733 270 796 praepositis
291 733 557 787 tribuentes3
580 744 629 778 ut
651 733 704 778 ad
724 750 795 778 eos
814 750 902 777 non
927 733 1141 795 pertineat
1159 734 1241 779 nisi
1264 733 1411 779 dicere

27 802 134 865 quid
156 803 400 848 cavendum
428 803 590 866 quidve
612 803 863 849 faciendum
887 803 966 860 sit,
999 801 1232 865 quodlibet
1264 814 1409 850 autem

28 872 209 934 quisque
224 873 355 918 faciat
379 891 466 918 non
487 890 652 920 curare.

92 942 189 989 Vll.
234 945 322 988 Nos
339 960 441 989 vero
463 944 515 989 ad
536 961 684 989 sanam
705 943 950 989 doctrinam
977 942 1194 1004 pertinere
1221 943 1415 989 arbitra-

27 1030 126 1058 mur
138 1030 185 1058 ex
199 1015 390 1077 utrisque
407 1016 658 1061 testimoniis
669 1016 801 1060 vitam
819 1013 1162 1075 sententiamque
1175 1014 1410 1069 moderari,

28 1093 130 1127 utet
145 1101 267 1128 canes
285 1084 331 1129 in
349 1085 541 1129 Ecclesia
558 1093 741 1144 propter
757 1100 912 1144 pacem
933 1082 1139 1129 Ecclesiae
1160 1083 1411 1140 toleremus,

27 1163 67 1196 et
84 1153 264 1196 canibus
284 1162 483 1197 sanetum
500 1189 510 1205 ‚
540 1152 618 1196 ubi
638 1169 722 1214 pax
750 1152 958 1197 Ecclesia]
984 1163 1078 1197 tuta
1107 1163 1169 1198 est
1184 1190 1194 1205 ‚
1225 1171 1311 1199 non
1333 1154 1417 1199 de-

27 1239 134 1268 mus,
176 1222 288 1267 Cum
330 1239 431 1281 ergo
470 1223 557 1268 sive
588 1240 667 1285 per
699 1223 1002 1282 negligentiam
1037 1224 1381 1286 praepositorum
1400 1262 1411 1280 ‚

27 1292 115 1354 sivg}
129 1308 206 1354 per
219 1292 408 1355 aliquam
429 1293 715 1338 excusabilem
733 1293 1045 1349 necessitatem,
1067 1294 1154 1339 sive
1170 1311 1249 1357 per
1269 1294 1419 1342 occul-

28 1372 91 1407 tas
115 1362 390 1425 obreptiones
409 1363 654 1408 invenimus
678 1363 724 1409 in
746 1363 942 1408 Ecclesia
960 1363 1095 1409 malos
1113 1401 1123 1418 ,
1145 1381 1254 1426 quos
1279 1365 1419 1410 eccle=

29 1432 194 1478 siastica
210 1432 441 1496 disciplina
459 1434 672 1493 corrigere
698 1444 773 1479 aut
803 1438 1008 1478 coercere
1037 1450 1127 1477 non
1150 1450 1382 1496 possumus
1401 1455 1416 1488 ;

29 1512 133 1548 tunc
171 1506 251 1566 (ne
278 1504 481 1549 ascendat
511 1505 556 1549 in
593 1522 668 1549 cor
700 1514 897 1549 nostrum
926 1503 1062 1565 impia
1093 1514 1134 1548 et
1169 1505 1421 1566 perniciosa

27 1574 340 1636 praesumptio,
360 1591 444 1636 qua
462 1575 752 1619 existimemus
768 1591 845 1618 nos
865 1574 920 1618 ab
937 1573 1006 1618 his
1024 1590 1110 1618 esse
1129 1574 1414 1636 separandos,

29 1655 76 1689 ut
105 1644 295 1705 peccatis
326 1661 476 1690 eorum
513 1661 601 1689 11011
637 1644 943 1707 inquinemur,
984 1654 1112 1706 atque
1134 1643 1192 1689 ita
1212 1655 1311 1706 pest
1335 1663 1414 1690 nos

29 1714 198 1759 trahere
232 1730 441 1759 conemur
467 1714 603 1759 veluti
636 1713 824 1758 mundos
855 1723 1111 1775 sanctosque
1142 1712 1411 1776 discipulos,

29 1784 85 1829 ab
107 1784 283 1828 unitatis
302 1801 512 1848 compage
539 1784 661 1848 quasi
684 1803 706 1829 a
729 1783 944 1829 malorum
974 1784 1189 1828 consortio
1213 1801 1418 1844 segrega-

28 1856 144 1918 tos),
169 1855 344 1901 veniant
362 1856 407 1901 in
432 1867 618 1901 mentem
650 1855 738 1905 illte
765 1855 818 1900 de
845 1855 1083 1917 Scripturis
1108 1855 1420 1902 similitudines

29 1935 69 1970 et
89 1925 235 1971 divina
253 1926 426 1971 oracula
450 1925 518 1971 vel
540 1926 775 1971 certissima
798 1924 991 1987 exempla
1007 1962 1017 1981 ,
1042 1925 1205 1988 quibus
1225 1925 1411 1970 demon-

29 2006 209 2041 stratum
231 2006 272 2041 et
295 1996 641 2058 praenuntiatum
663 2006 724 2039 est
743 2031 753 2049 ,
781 1995 917 2038 malos
935 1996 979 2037 in
1002 1994 1195 2038 Ecclesia
1215 1996 1416 2056 permix-

33 2076 94 2110 tos
110 2065 237 2110 bonis
255 2066 449 2128 usquein
463 2066 594 2110 finem
613 2064 761 2109 saeculi
776 2074 1035 2126 tempusque
1044 2063 1201 2122 judicii
1216 2065 1412 2123 futuros‚

30 2146 71 2181 et
93 2136 205 2180 nihil
221 2136 347 2181 bonis
362 2137 408 2180 in
425 2136 589 2181 unitate
608 2153 657 2181 ac
677 2135 1015 2198 participatione
1039 2147 1412 2182 sacramentorum

31 2205 106 2268 qui
131 2221 281 2249 eorum
303 2203 427 2249 factis
454 2222 542 2250 non
566 2205 861 2250 consenserint
884 2203 1129 2251 obfuturos.
1163 2205 1277 2251 Cum
1310 2223 1415 2252 vero

31 2275 88 2320 eis
109 2292 188 2338 per
205 2292 313 2338 quos
343 2275 534 2321 Ecclesia
557 2276 743 2335 regitur,
774 2275 892 2320 adest
926 2275 1041 2321 salva
1065 2293 1173 2339 pace
1204 2278 1413 2324 Ecclesiae

31 2356 217 2408 potestas
236 2344 480 2408 disciplinae
503 2346 705 2391 adversus
724 2346 952 2409 improbos
983 2356 1058 2391 aut
1081 2346 1263 2393 nefarios
1289 2366 1413 2394 exer-

33 2415 180 2461 cendae
195 2452 206 2471 ‚
231 2426 335 2461 tunc
353 2432 500 2461 rursus
514 2453 523 2470 ‚
545 2434 598 2461 ne
618 2416 815 2462 socordia
836 2415 1100 2479 segnitiaque
1121 2416 1408 2474 dormiamus,

35 2484 125 2530 aliis
148 2485 305 2531 aculeis
329 2496 656 2550 praeceptorum
675 2523 685 2542 ,
711 2503 811 2549 quae
829 2485 881 2531 ad
899 2485 1165 2532 severitatem
1183 2487 1415 2533 co'e‘rcitio-

33 2555 97 2600 nis
119 2556 340 2618 pertinent
357 2593 367 2612 ,
395 2556 613 2602 excitandi
641 2573 788 2602 sumus
805 2594 817 2613 ,
845 2567 894 2601 111
911 2573 1076 2616 gressus
1099 2567 1265 2602 nostros
1281 2556 1327 2602 in
1343 2558 1416 2605 via

82 2639 93 2661 ¹
109 2642 153 2671 Ex
171 2640 320 2682 Cypriani
339 2642 430 2685 epist.
456 2653 469 2672 1
487 2641 527 2674 ad
543 2642 750 2675 Confessores
762 2642 802 2674 de
817 2641 986 2674 schismate
1003 2650 1157 2674 reversos

164 2706 350 2737 cxxxm.
1261 2693 1293 2747 [1
