1758 3246
337 401 392 431 nn
428 399 665 429 consuens
701 398 1020 437 ADULTEmNtS,
1066 397 1155 428 ιη.
1198 398 1247 429 11.
1383 384 1477 440 403

106 466 281 511 tamenti
315 464 619 527 praefigurator
648 464 737 508 sine
772 461 1049 507 cunctatione
1086 462 1295 522 receperit
1320 479 1330 506 z
1360 479 1477 509 nunc

104 545 245 580 autem
271 543 553 597 posteaquam
579 532 778 577 Christus
814 531 873 574 ait
905 529 1114 575 adulterae
1141 546 1152 573 ε
1177 551 1197 570 «
1223 531 1311 575 Nec
1334 548 1411 591 ego
1437 543 1476 579 te

103 627 124 647 »
143 605 381 659 damnabo,
399 604 525 659 vade,
542 603 745 665 deinceps
768 601 856 647 noli
879 618 1060 664 peccare
1074 599 1118 653 1;
1142 622 1161 641 »
1181 602 1278 663 quis
1302 618 1390 647 non
1413 605 1476 649 in-

102 675 266 735 telligat
292 674 448 719 debere
480 675 697 733 ignoscere
725 673 954 727 maritum
981 671 1103 734 quod
1127 670 1243 717 ridet
1266 672 1475 731 ignovisse

106 747 340 790 Dominum
373 745 626 799 amborum,
653 760 731 788 nec
754 746 849 802 jam
872 759 914 787 se
939 742 1096 787 debere
1126 741 1367 787 adulteram
1403 744 1474 790 di—

101 829 220 872 cere,
247 820 372 875 quus
395 816 646 878 poenitentis
674 815 839 859 crimen
869 813 1017 858 divina
1042 812 1182 858 credit
1203 815 1474 862 miseratione

101 884 318 932 deletum?

167 957 240 1003 vl.
284 956 367 1002 Sed
393 957 480 1001 hoc
502 955 702 1001 videlicet
732 955 975 1000 infidelium
999 973 1144 1001 sensus
1165 956 1388 1013 exhorret,
1416 960 1475 1004 ita

102 1038 150 1073 nt
177 1027 376 1072 nonnulli
411 1026 597 1072 modicae
622 1026 723 1071 fidei
752 1026 818 1071 vel
847 1027 993 1088 potius
1022 1027 1186 1071 inimici
1212 1043 1324 1073 verae
1350 1028 1471 1086 fidei,

99 1096 229 1142 eredo
258 1108 492 1143 metuentes
519 1096 734 1159 peccandi
767 1097 1071 1158 impunitatem
1096 1095 1192 1141 dari
1222 1096 1475 1144 mulieribus

98 1168 209 1223 suis,
235 1167 346 1213 illud
370 1167 490 1231 quod
514 1167 568 1212 de
592 1165 800 1211 adulterae
823 1164 1092 1223 indulgentia
1118 1167 1330 1213 Dominus
1352 1167 1471 1224 fecie

99 1236 316 1281 auferrent
332 1238 386 1281 de
401 1237 628 1281 codicibus
641 1235 759 1296 suis(
774 1234 845 1295 12)
866 1252 878 1278 ι
894 1236 1018 1297 quasi
1032 1237 1356 1297 permissionem
1374 1256 1475 1301 pec-

97 1305 228 1350 candi
248 1305 448 1350 ¹tribuerit
463 1306 541 1368 qui
565 1304 672 1349 dixit
690 1321 703 1348 z
721 1325 741 1345 c<
758 1308 778 1348 J
785 1319 853 1348 am
877 1303 1080 1366 deinceps
1106 1305 1196 1350 noli
1226 1323 1408 1368 peccare
1424 1326 1435 1353 :
1454 1331 1475 1350 »

99 1386 174 1435 aut
195 1374 292 1421 ideo
316 1392 404 1420 non
426 1374 627 1420 debuerit
650 1373 806 1419 mulier
825 1391 848 1418 a
866 1373 1035 1419 medico
1063 1376 1152 1420 Deo
1170 1375 1285 1421 illius
1308 1381 1477 1440 peccati

98 1446 341 1490 remissione
364 1445 529 1499 sanari,
557 1461 609 1489 ne
632 1443 953 1488 offenderentur
987 1445 1141 1490 insani.
1181 1446 1330 1509 Neque
1362 1450 1477 1494 enim

96 1516 256 1578 quibus
278 1515 387 1560 illud
410 1515 576 1560 factum
597 1515 775 1559 Domini
800 1514 1026 1577 displicet,
1059 1515 1142 1577 ipsi
1165 1516 1317 1578 pudici
1343 1530 1445 1564 sunt
1461 1557 1472 1576 ‚

97 1595 139 1629 et
160 1601 230 1630 eos
252 1603 415 1631 severos
438 1587 609 1630 castitas
632 1584 764 1630 facit:
783 1584 855 1630 sed
880 1586 1024 1647 potius
1047 1601 1093 1629 ex
1116 1584 1190 1631 illo
1215 1597 1315 1632 sunt
1337 1588 1477 1636 homi-

97 1670 201 1701 num
230 1673 428 1712 numero,
456 1656 618 1718 quibus
654 1656 865 1700 Dominus
895 1657 982 1700 ait:
1005 1677 1024 1696 κ
1042 1655 1130 1712 Qui
1167 1658 1256 1703 sine
1292 1672 1473 1721 peccato

98 1746 117 1765 »ν
136 1737 196 1770 est
218 1738 425 1778 vestrum,
453 1727 574 1789 prior
596 1727 641 1770 in
664 1742 756 1770 eam
780 1725 967 1789 lapidem
989 1727 1172 1785 jaciat2.
1199 1748 1220 1768 >›
1235 1729 1326 1774 Nisi
1352 1731 1472 1793 quod

95 1795 156 1841 illi
186 1797 447 1842 conscientia
484 1798 618 1840 territi
654 1808 932 1852 l‘ecesse1'1111t‚
970 1808 1012 1841 et
1045 1807 1209 1843 tentare
1246 1799 1472 1847 Christum

96 1876 224 1929 atque
245 1865 487 1911 adulteram
503 1868 699 1929 persequi
713 1865 969 1911 destiterunt
988 1884 999 1912 :
1016 1867 1083 1912 isti
1104 1878 1248 1913 autem
1267 1880 1308 1914 et
1321 1873 1472 1931 aegroti

96 1936 312 1981 medicum
328 1936 670 1999 reprehendunt,
692 1947 733 1981 et
751 1937 796 1981 in
815 1937 1030 1982 adulteras
1050 1937 1235 1983 adulteri
1253 1942 1438 1986 saeviunt
1455 1960 1466 1986 :

94 2007 254 2068 quibus
277 2008 310 2051 si
333 2006 571 2062 diceretur,
600 2024 686 2051 non
710 2007 831 2069 qnod
853 2008 916 2053 illi
940 2007 1171 2054 audierunt
1194 2026 1205 2053 ε
1226 2031 1247 2050 «
1268 2010 1356 2066 Qui
1380 2012 1471 2058 sine

95 2098 114 2117 >2
134 2087 314 2138 peccato
336 2087 421 2130 est;
437 2077 566 2140 »quis
585 2078 699 2121 enim
714 2078 803 2122 sine
820 2081 1030 2140 peccato?
1053 2078 1143 2134 sed,
1166 2079 1255 2135 Qui
1277 2081 1365 2126 sine
1387 2082 1467 2127 isto

93 2155 274 2209 peccato
295 2157 379 2202 est,
403 2167 423 2188 α
443 2147 569 2191 Prior
591 2147 636 2190 in
660 2146 778 2191 illam
806 2147 998 2210 lapidem
1022 2150 1194 2194 mittat:
1214 2170 1234 2191 >2
1248 2160 1343 2196 tum
1366 2168 1467 2197 vero

92 2215 273 2261 forsitan
304 2217 559 2276 cogitarent,
593 2218 670 2279 qui
705 2216 1049 2277 indignabantur
1077 2219 1198 2282 quod
1224 2220 1465 2266 adulteram

92 2300 180 2331 non
204 2287 473 2343 occiderent,
501 2298 665 2351 quanta
687 2287 770 2333 illis
795 2289 873 2334 Dei
897 2290 1191 2336 misericordia
1214 2303 1467 2355 parceretur

95 2366 143 2401 ut·
161 2355 345 2403 adulteri
367 2359 572 2404 viverent.

158 2427 256 2474 Vll.
299 2428 384 2474 Sed
409 2445 510 2473 curn
535 2428 633 2474 haec
655 2430 712 2474 eis
734 2429 938 2480 dicimus,
965 2447 1053 2475 non
1078 2431 1217 2476 solum
1249 2432 1362 2478 nihil
1384 2450 1468 2479 vo-

94 2497 193 2544 lunt
213 2497 442 2544 detrahere
466 2500 678 2544 severitati
697 2516 707 2544 2
725 2500 797 2545 sed
821 2502 1068 2546 irascuntur
1086 2503 1262 2564 insuper
1279 2504 1465 2560 veritati,

97 2579 138 2614 et
160 2569 403 2632 loquuntur
429 2581 557 2632 atque
582 2571 843 2632 respondent
868 2589 877 2615 ε
902 2572 983 2616 Sed
1011 2589 1086 2616 nos
1108 2573 1190 2618 viri
1213 2590 1360 2620 sumus
1382 2593 1392 2620 ε
1415 2593 1472 2620 an

96 2657 197 2687 vero
235 2658 352 2686 sexus
382 2642 516 2686 nostri
546 2641 731 2700 dignitas
764 2643 880 2689 hanc
904 2644 1129 2688 sustinebit
1162 2645 1384 2705 injuriam,
1424 2657 1473 2693 ut

142 2725 153 2745 ¹
173 2725 191 2755 J
210 2734 284 2755 oau.
300 2734 375 2760 vm,
394 2736 405 2754 ι
418 2736 447 2756 1.
463 2741 508 2747 —
524 2722 637 2756 21b1d.
655 2727 687 2758 8.

1262 2791 1334 2828 ab.
