1758 3246
318 335 413 389 414
737 349 772 377 s.
815 347 1056 377 AUGUsTlNl
1093 346 1298 376 Episcopl

319 428 421 457 cum
441 410 567 456 liceat
584 411 665 456 alia
683 411 807 456 vobis
823 411 1095 456 matrimonia
1118 411 1368 473 providere,
1392 410 1499 473 quid
1513 427 1582 455 eas
1596 421 1689 456 tan-

320 491 470 544 topere
491 480 619 527 vultis
639 480 867 527 occidere.3
899 482 1006 525 Haec
1036 482 1070 525 si
1100 480 1284 526 dicimus
1305 517 1316 535 ‚
1342 496 1484 525 nonne
1508 479 1690 525 attendis

317 567 449 614 quam
470 562 611 596 nostra
629 550 767 596 suasio
786 550 910 610 longe
927 551 981 595 sit
999 568 1021 595 a
1036 550 1286 595 charactere
1303 549 1540 595 christiano
1560 567 1571 594 ε
1589 549 1690 611 quia

317 631 360 666 et
377 620 532 667 falsum
556 621 744 666 dicimus
762 657 773 675 ,
813 621 871 665 eis
894 620 1022 665 licere
1053 619 1172 682 quod
1206 637 1294 665 non
1327 619 1455 674 licet,
1486 619 1572 665 hoc
1597 630 1686 675 est,

317 691 408 737 istis
434 691 683 737 viventibus
709 701 756 734 ut
787 690 878 735 aliis
908 690 1196 753 copulentur;
1231 700 1273 735 et
1296 689 1330 734 si
1355 699 1581 752 propterea
1606 688 1690 734 illis
1712 735 1715 738 ,

319 762 615 824 pepercerint,
646 778 733 806 non
753 772 937 823 parcent
964 771 1144 823 propter
1165 760 1366 823 pietatem
1387 796 1398 813 ,
1419 759 1492 804 scd
1511 770 1690 822 propter

319 830 501 878 aliarum
519 831 771 894 nuptiarum
798 830 978 876 liberam
999 841 1266 894 potestatem.
1297 832 1518 875 Postremo
1541 846 1690 892 quaero

319 901 396 946 abs
422 911 461 945 te
478 938 490 956 ‚
517 912 665 946 utrum
693 901 848 945 marito
872 900 1108 945 christiano
1132 901 1257 946 liceat
1277 900 1343 945 vel
1360 899 1597 945 secundum
1621 915 1691 945 ve-

320 981 452 1014 terem
474 970 552 1015 Dei
576 970 711 1029 legem
732 1007 742 1024 ‚
774 969 841 1014 vel
878 971 1084 1015 Romanis
1109 970 1276 1030 legibus
1307 969 1544 1016 adulteram
1569 969 1691 1016 occi-

320 1039 451 1085 dere?
475 1039 521 1085 Si
540 1039 641 1084 licet
659 1076 670 1094 ,
698 1039 849 1084 melius
872 1051 933 1085 cst
960 1051 1009 1086 ut
1034 1041 1091 1085 ab
1117 1051 1302 1103 utroque
1320 1057 1362 1086 se
1388 1049 1594 1102 temperet
1615 1077 1625 1094 ‚
1646 1040 1693 1086 id

320 1120 382 1156 est
399 1146 410 1166 ,
441 1120 483 1155 et
501 1128 524 1155 a
540 1109 663 1154 licito
681 1109 753 1154 illa
779 1121 988 1171 peccante
1012 1110 1229 1173 supplicio
1247 1147 1258 1166 ‚
1290 1121 1333 1154 et
1354 1110 1409 1155 ab
1434 1109 1588 1155 illicito
1619 1109 1692 1155 illa

320 1180 490 1226 vivente
513 1179 731 1238 conjugio.
758 1178 888 1234 Quod
914 1180 947 1223 si
974 1179 1225 1224 alterutrum
1246 1179 1398 1238 eligere
1414 1190 1657 1242 perseverat
1677 1217 1687 1235 ‚

321 1251 451 1296 satius
463 1249 574 1295 estei
597 1249 736 1295 facere
753 1249 872 1312 quod
895 1249 1018 1303 licet,
1047 1261 1095 1295 ut
1113 1249 1303 1294 adultera
1318 1250 1544 1312 puniatur,
1560 1265 1693 1313 quam

320 1319 366 1365 id
387 1318 508 1382 quod
530 1336 615 1363 non
637 1318 764 1374 licet,
793 1329 841 1362 ut
861 1319 953 1380 ipsa
972 1319 1066 1363 viva
1089 1318 1160 1363 ille
1181 1319 1439 1365 moechetur.
1467 1319 1511 1365 Si
1528 1329 1688 1373 autem,

320 1388 441 1452 quod
467 1389 608 1434 verius
626 1387 806 1442 dicitur,
834 1405 921 1433 non
949 1389 1051 1433 licet
1073 1389 1241 1434 homini
1262 1389 1499 1434 christiano
1522 1388 1691 1434 adulte-

321 1475 414 1504 ram
440 1460 670 1518 conjugem
695 1457 913 1512 occidere,
950 1457 1022 1502 sed
1048 1468 1217 1502 tantum
1242 1457 1481 1511 dimittere3
1513 1459 1610 1521 quis
1631 1468 1694 1503 est

325 1539 410 1573 tam
435 1527 610 1573 demens
631 1527 705 1589 qui
726 1527 763 1571 ei
782 1527 899 1572 dicat
917 1545 928 1572 ε
953 1529 1037 1573 Fac
1056 1527 1176 1590 quod
1196 1544 1285 1573 non
1303 1528 1405 1574 licet
1426 1566 1436 1584 ‚
1465 1539 1514 1574 ut
1532 1529 1613 1574 tibi
1634 1528 1692 1574 li-

319 1608 414 1645 ceat
436 1597 555 1661 quod
584 1596 820 1642 nonlicet?
845 1598 957 1643 Cum
979 1598 1092 1643 enim
1117 1608 1351 1661 utrumque
1370 1598 1606 1644 secundum
1634 1597 1692 1644 le-

319 1685 414 1728 gem
436 1667 603 1712 Christi
629 1666 830 1712 illicitum
855 1667 932 1723 sit,
960 1667 1046 1714 sive
1070 1667 1309 1712 adulteram
1342 1668 1539 1714 occidere
1560 1705 1572 1725 ‚
1606 1668 1694 1714 sive

319 1737 393 1784 illa
414 1737 586 1784 vivente
609 1736 784 1782 alteram
801 1736 958 1782 ducere
974 1774 985 1790 ,
1011 1738 1067 1783 ab
1087 1748 1269 1800 utroque
1288 1737 1595 1784 abstinendum
1609 1748 1689 1793 est,

316 1826 404 1854 non
428 1807 628 1854 illicitum
650 1825 730 1871 pro
750 1807 901 1853 illicito
920 1807 1184 1854 faciendum.
1216 1807 1263 1852 Si
1280 1808 1392 1853 enim
1419 1809 1614 1856 facturus
1631 1819 1695 1854 est

320 1879 438 1943 quod
461 1896 547 1925 non
566 1880 693 1934 licet,
713 1882 805 1938 jam
829 1879 959 1924 faciat
980 1878 1239 1924 adulterium
1259 1915 1270 1934 ‚
1299 1890 1341 1924 et
1365 1896 1453 1924 non
1470 1878 1602 1925 faciat
1614 1879 1694 1925 ho-

320 1949 548 1995 micidium
568 1986 579 2004 ,
603 1959 651 1994 ut
673 1949 841 1994 vivente
872 1966 1000 1994 uxore
1024 1949 1198 1994 alteram
1225 1948 1360 1994 ducat
1380 1986 1392 2003 ‚
1417 1960 1460 1994 et
1485 1966 1573 1995 non
1603 1949 1694 1996 hu-

319 2037 496 2067 manum
511 2019 759 2079 sanguinem
772 2018 944 2065 fundat.
955 2019 1087 2075 Quod
1101 2020 1135 2064 si
1145 2030 1206 2064 est
1217 2029 1450 2082 utrumque
1461 2019 1690 2075 nefarium,

323 2107 412 2136 non
436 2089 567 2135 debet
590 2089 769 2135 alterum
796 2107 878 2153 pro
899 2089 1031 2135 altero
1064 2100 1310 2153 perpetrare
1326 2126 1337 2139 ,
1366 2089 1440 2135 sed
1464 2099 1695 2152 utrumque

317 2171 467 2208 Vitare.

385 2230 504 2277 XVI.
546 2229 631 2275 Hic
651 2229 777 2274 video
800 2230 907 2292 quid
926 2229 1014 2275 dici
1040 2230 1096 2275 ab
1127 2229 1497 2275 incontinentibus
1520 2229 1657 2293 possit
1678 2247 1690 2274 ε

320 2301 441 2365 quod
463 2299 665 2347 videlicet
688 2301 763 2363 qui
789 2299 971 2346 dimittit
984 2311 1025 2346 et
1042 2302 1184 2346 vivere
1202 2301 1414 2363 permittit
1431 2300 1690 2357 adulteram,

319 2373 355 2419 si
378 2371 556 2417 alteram
578 2370 780 2426 duxerit,
808 2371 1001 2434 quandiu
1034 2372 1154 2435 prior
1190 2371 1262 2416 illa
1296 2371 1428 2426 vivit,
1459 2381 1695 2433 perpetuus

319 2441 489 2488 adulter
511 2451 602 2496 est,
630 2458 709 2486 nec
734 2441 821 2501 agit
842 2442 1145 2504 poenitentiam
1170 2439 1436 2486 fructuosam
1473 2458 1495 2486 a
1531 2440 1694 2500 flagitio

319 2530 408 2559 non
426 2510 656 2563 recedens;
692 2527 770 2556 nec
798 2511 832 2556 si
859 2511 1193 2557 catechumenus
1221 2521 1307 2565 est,
1346 2510 1396 2555 ad
1427 2510 1695 2573 baptismum

315 2581 563 2629 admittitur
581 2618 591 2635 ‚
615 2581 821 2643 quoniam
850 2582 905 2626 ab
932 2599 979 2626 eo
1005 2581 1122 2644 quod
1152 2580 1336 2643 impedit
1360 2593 1446 2626 non
1465 2589 1691 2633 mutatum

315 2670 394 2700 nec
415 2650 683 2699 reconciliari
708 2651 925 2714 poenitens
948 2662 1090 2715 potest
1106 2652 1151 2697 in
1167 2650 1315 2697 eadem
1333 2650 1525 2713 nequitia
1547 2666 1694 2714 perse-

1748 1265 1758 1423 ,νῇ-,πτη-
1746 1130 1755 1260 '‘v-”⁵'-
1745 1082 1758 1126 ‘'S‘'
1744 1018 1752 1072 ‹vx-
