1758 3246
408 296 461 327 DE
498 294 620 327 BONO
656 294 927 336 coNJUGAu,
969 297 1053 327 LlB.
1099 298 1127 327 1.
1368 294 1459 343 279

87 362 308 427 utriusque
328 379 445 408 sexus
479 363 534 407 ab
574 362 692 407 omni
727 361 971 407 concubitu
997 363 1290 419 continentes„
1319 361 1460 421 negli-

85 444 230 493 genter
249 433 424 479 obedire
444 433 677 496 praeceptis
692 469 702 488 ‚
731 449 831 478 cum
861 442 949 477 tam
970 432 1169 478 ardenter
1200 433 1461 496 arripuerint

84 521 171 548 non
188 504 251 549 uti
269 505 491 550 concessis,
518 503 643 548 Unde
661 503 760 565 quis
778 502 954 548 dubitat
981 513 1023 547 et
1043 502 1304 548 excellentiae
1329 522 1458 549 sanc-

85 584 227 618 torum
245 573 418 618 illorum
437 583 617 635 patrum
648 583 777 635 atque
811 583 1002 617 matrum
1027 573 1138 617 filios
1163 575 1461 631 generantium

83 663 168 690 non
190 654 302 689 recte
320 645 564 707 comparari
595 661 733 689 mares
761 653 802 688 et
835 643 1038 689 foeminas
1065 643 1201 688 nostri
1227 644 1458 706 temporis,

83 715 278 777 quamvis
312 714 368 759 ab
400 714 518 759 omni
547 714 787 759 concubitu
825 714 1066 768 immunes‚
1101 713 1146 758 in
1166 714 1326 759 virtute
1351 713 1462 758 obe-

81 784 256 829 dientiae
290 785 503 840 minores,
542 785 706 829 etiamsi
742 784 825 829 illis
860 784 1119 829 hominibus
1155 795 1197 829 et
1225 785 1270 829 in
1301 783 1462 829 habitu

81 855 213 901 animi
235 855 462 911 defuisset,
490 854 610 918 quod
639 855 683 899 in
712 855 893 900 istorum
920 863 1049 918 opere
1067 854 1348 900 manifestum
1369 855 1456 899 est?

82 926 328 989 Sequantur
345 943 444 986 ergo
464 928 634 986 Agnum
650 926 775 988 pueri
795 936 1017 972 cantantes
1034 926 1256 971 canticum
1272 940 1456 979 novum,

80 996 190 1041 sicut
211 997 258 1041 in
287 996 554 1059 Apocalypsi
571 996 785 1058 scriptum
806 1007 869 1041 est
890 1013 901 1040 :
923 1017 943 1037 «
967 996 1056 1052 Qui
1081 1012 1179 1040 cum
1202 993 1461 1038 mulieribus

79 1088 101 1108 ))
120 1084 161 1112 se
179 1084 266 1112 non
291 1066 753 1121 contaminaverunt‘13
776 1087 795 1108 ›>
819 1084 907 1112 non
921 1067 979 1111 ob
1000 1064 1116 1110 aliud
1143 1064 1226 1108 nisi
1251 1063 1354 1125 quia
1376 1063 1464 1109 vir-

78 1137 194 1196 gines
211 1147 555 1200 permanserunt.
584 1137 674 1178 Nec
688 1137 785 1178 ideo
803 1150 845 1177 se
864 1134 1131 1179 arbitrentur
1158 1134 1357 1179 meliores
1374 1150 1460 1178 esse

76 1207 228 1269 primis
250 1207 451 1267 patribus
474 1204 655 1258 sanctis,
683 1203 760 1265 qui
781 1203 969 1265 nuptiis,
991 1214 1041 1248 ut
1064 1205 1122 1248 ita
1140 1204 1287 1249 dicam
1309 1239 1319 1258 ,
1341 1219 1456 1265 nup-

77 1275 235 1320 tialiter
255 1275 316 1319 usi
336 1284 450 1320 sunt.
479 1274 642 1318 Earum
673 1273 839 1335 quippe
859 1290 959 1318 usus
983 1273 1042 1318 ita
1067 1291 1108 1319 se
1140 1273 1278 1318 habet
1296 1309 1306 1327 ‚
1344 1282 1392 1316 ut
1429 1272 1464 1317 si

78 1344 186 1407 quid
204 1345 250 1389 in
267 1345 324 1389 eis
342 1361 419 1406 per
446 1343 587 1389 carnis
611 1343 961 1388 commixtionem
981 1381 991 1399 ,
1029 1343 1150 1406 quod
1182 1342 1364 1388 excedat
1391 1360 1464 1401 ge-

77 1413 256 1459 nerandi
282 1414 574 1459 necessitatem
593 1451 604 1470 ‚
631 1414 829 1476 quamvis
854 1414 1078 1460 venialiter
1103 1413 1269 1458 factum
1291 1412 1422 1457 fuerit
1443 1450 1454 1469 ‚

77 1485 386 1529 contaminatio
408 1484 475 1529 sit.
508 1484 620 1528 Nam
645 1483 753 1546 quid
767 1484 910 1546 expiat
930 1484 1055 1528 venia
1070 1520 1082 1539 ,
1120 1484 1154 1528 si
1175 1482 1352 1527 omnino
1371 1499 1462 1527 non

77 1553 344 1599 contaminat
361 1553 434 1598 illa
455 1552 728 1616 progressio?
750 1554 786 1598 A
805 1570 890 1615 qua
913 1552 1281 1598 contaminatione
1299 1551 1461 1597 mirum

77 1623 109 1668 si
134 1623 346 1668 immunes
373 1634 511 1668 essent
529 1623 656 1686 pueri
690 1633 911 1685 sequentes
933 1625 1103 1683 Agnum
1120 1660 1131 1679 ,
1158 1621 1239 1667 nisi
1274 1621 1462 1681 virgines

75 1704 393 1756 permanerent.

140 1765 326 1810 XXXII.
372 1764 544 1808 Bonum
565 1762 697 1822 igitur
732 1764 988 1826 nuptiarum
1028 1781 1107 1827 per
1127 1781 1274 1809 omnes
1298 1774 1445 1822 gentes

76 1844 205 1896 atque
230 1851 377 1879 omnes
393 1833 592 1879 homines
628 1834 672 1879 in
697 1851 826 1879 causa
851 1834 1084 1893 generandi
1103 1845 1181 1890 est,
1224 1845 1265 1879 et
1293 1834 1339 1878 in
1374 1833 1463 1879 fide

75 1904 282 1948 castitatis
306 1921 316 1948 :
344 1903 463 1966 quod
484 1914 627 1948 autem
649 1903 704 1948 ad
727 1904 944 1965 populum
981 1905 1058 1949 Dei
1078 1904 1294 1966 pertinet,
1326 1903 1455 1948 etiam

74 1972 116 2017 in
138 1974 364 2018 sanctitate
381 1972 638 2017 sacramenti
654 2009 664 2026 ,
693 1989 771 2034 per
794 1989 926 2035 quam
946 1974 1063 2017 nefas
1088 1984 1149 2017 est
1167 1973 1297 2017 etiam
1316 1989 1455 2035 repu-

74 2042 147 2088 dio
170 2042 461 2088 discedentem
488 2041 609 2087 alteri
626 2042 791 2087 nubere
808 2079 819 2097 ,
864 2042 971 2087 dum
995 2043 1062 2088 vir
1090 2046 1181 2102 ejus
1203 2042 1330 2097 vivit,
1372 2058 1453 2087 nec

73 2112 222 2157 saltem
236 2113 330 2175 ipsa
344 2130 471 2158 causa
492 2112 691 2175 pariendi
712 2130 722 2157 ε
744 2129 845 2176 quae
865 2129 966 2158 cum
990 2113 1080 2158 sola
1101 2114 1154 2158 sit
1176 2130 1264 2177 qua
1286 2112 1457 2176 nuptiae

72 2182 185 2227 fiunt
202 2219 212 2238 ‚
244 2200 324 2228 nec
356 2200 403 2228 ea
429 2200 474 2228 re
498 2199 587 2228 11011
624 2182 913 2246 subsequente
935 2194 1120 2247 propter
1143 2199 1277 2247 quam
1320 2183 1452 2238 fiunt,

72 2251 254 2298 solvitur
276 2252 500 2298 vinculum
526 2252 720 2314 nuptiale
760 2253 843 2298 nisi
876 2255 1073 2314 conjugis
1097 2263 1250 2300 morte.
1283 2254 1454 2311 Quem-

73 2321 310 2368 admodum
334 2322 369 2368 si
408 2323 484 2368 fiat
518 2321 736 2368 ordinatio
766 2322 870 2370 cleri
895 2324 951 2370 ad
978 2324 1156 2388 plebem
1183 2340 1455 2384 congregan-

71 2389 173 2436 dam
190 2429 201 2448 ‚
225 2391 391 2437 etiamsi
413 2391 555 2455 plebis
568 2393 844 2452 congregatio
874 2411 964 2439 non
981 2394 1288 2458 subsequatur,
1307 2402 1458 2437 manet

71 2469 215 2505 tamen
238 2461 283 2506 in
321 2462 405 2507 illis
437 2461 646 2507 ordinatis
675 2474 993 2509 sacramentum
1016 2462 1334 2515 ordinationis3
1358 2471 1401 2506 et
1425 2460 1459 2505 si

73 2530 217 2594 aliqua
239 2531 370 2594 culpa
388 2531 619 2594 quisquam
640 2532 694 2576 ab
708 2532 850 2579 officio
870 2544 1160 2589 removeatur,
1187 2540 1455 2578 sacramento

73 2600 248 2646 Domini
287 2602 415 2647 semel
443 2601 648 2664 imposito
676 2619 763 2648 non
786 2604 953 2649 carebit
974 2640 984 2658 ,
1008 2603 1213 2667 >quamvis
1257 2602 1310 2648 ad
1329 2599 1458 2661 judi-

121 2681 131 2704 ¹
152 2684 251 2725 Apoc.
268 2694 338 2719 xiv,
362 2689 390 2719 2.
