1758 3246
325 301 377 329 DE
416 297 563 328 AGONE
599 293 891 334 CHRISTIANo,
930 294 1016 323 Llss.
1062 295 1087 323 1.
1326 291 1410 321 201

48 365 240 413 ascendit
256 367 299 411 in
313 364 473 410 coelum
494 381 504 407 ε
534 361 747 407 Dominus
767 360 881 406 enim
917 357 1132 435 ascendit,
1157 374 1316 420 corpus
1340 373 1421 402 au»

50 447 132 480 tem
157 453 244 480 non
270 432 487 488 ascendit
517 431 589 476 sed
608 431 796 475 levatum
830 439 893 473 est
916 428 959 472 in
980 426 1142 472 coelum
1167 426 1240 470 illo
1258 426 1323 471 lev
1329 437 1424 471 ante

46 509 119 571 qui
146 506 353 552 ascendit.
397 505 441 549 Si
470 504 582 548 enim
619 502 717 565 quis
753 500 1009 551 descendat
1040 498 1162 544 κθὼὶ
1182 498 1342 557 gratia
1366 499 1419 543 de

46 590 191 623 monte
212 576 382 627 nudus
411 591 511 619 cum
531 583 672 618 autem
688 571 980 622 descenderit,
1002 569 1153 615 testiat
1169 585 1234 623 se,
1263 577 1305 611 et
1327 584 1424 612 ws-

44 647 147 691 titus
170 645 326 690 iterum
347 643 573 697 ascendit
619 652 731 686 lecte
760 641 910 703 utique
943 639 1155 684 dicimus.
1185 604 1322 681 N'emo
1352 653 1422 680 as-

46 715 216 770 cendit,
255 713 334 758 nisi
376 713 452 775 qui
497 711 719 757 descendit
738 729 748 755 ε
794 728 872 756 nec
905 719 1066 756 vestem
1101 706 1426 752 consideramus

45 801 175 847 quam
198 800 343 829 secum
363 783 546 838 levavit,
581 781 655 826 sed
695 781 840 844 ipsum
865 781 940 843 qui
968 779 1145 825 vestitus
1165 788 1254 833 est,
1285 775 1425 822 solum

44 854 232 899 dicimus
257 852 506 898 ascendisse.

108 923 316 968 XXVIII.
345 925 434 968 Nec
462 939 531 966 eos
558 920 787 966 audiamus
816 920 891 983 qui
930 929 1088 978 negant
1123 917 1177 962 ad
1208 916 1423 961 dexteram

44 994 182 1038 Patris
202 993 344 1038 sedere
367 993 539 1038 Filium.
567 991 731 1036 Dicunt
745 991 862 1035 enim
884 1009 893 1035 ε
920 988 1147 1051 Numquid
1182 988 1297 1032 Deus
1334 987 1424 1030 Pa-

45 1074 107 1108 ter
132 1063 269 1107 habet
299 1062 409 1106 latus
433 1061 629 1106 dextrum
654 1071 729 1105 aut
753 1061 974 1105 sinistrum
993 1096 1004 1115 ‚
1043 1059 1171 1104 sicuti
1209 1059 1423 1119 corpora?

43 1133 133 1177 Nec
158 1149 235 1177 nos
258 1132 345 1176 hoc
363 1132 416 1176 dc
456 1136 547 1175 Deo
588 1132 717 1174 Patre
737 1131 970 1174 sentimus:
999 1128 1117 1174 nulla
1141 1128 1256 1172 enim
1281 1126 1422 1171 forma

43 1202 236 1265 corporis
271 1204 386 1246 Deus
410 1201 617 1246 definitur
656 1211 784 1262 atque
819 1199 1117 1254 concluditur,
1149 1198 1234 1243 Sed
1255 1197 1426 1242 dextera

42 1272 183 1317 Patris
206 1282 268 1316 est
290 1271 516 1316 beatitudo
540 1281 750 1333 perpetua
773 1307 781 1325 ‚
821 1287 922 1332 quae
943 1269 1102 1315 sanctis
1122 1267 1421 1331 promittitur3

43 1342 336 1387 sicutsinistra
350 1345 439 1400 ejus
458 1341 690 1385 rectissime
709 1341 872 1385 dicitur
893 1339 1061 1384 miseria
1076 1348 1305 1401 perpetua,
1325 1352 1426 1399 quae

42 1412 189 1475 impiis
212 1412 339 1457 datur
364 1430 373 1456 ε
395 1422 444 1456 ut
466 1429 552 1456 non
586 1411 630 1455 in
656 1411 752 1473 ipso
784 1412 869 1455 Deo
887 1448 896 1465 ‚
920 1410 993 1455 scd
1027 1410 1072 1454 in
1107 1408 1314 1454 creaturis
1338 1408 1426 1452 hoc

43 1482 196 1538 modo,
213 1499 301 1544 quo
319 1482 504 1526 diximus
523 1518 533 1536 ‚
553 1481 822 1539 intelligatur
844 1480 1016 1525 dextera
1035 1491 1076 1524 et
1094 1479 1278 1524 sinistra.
1312 1477 1427 1533 Quia

43 1562 85 1596 et
101 1568 260 1614 corpus
285 1551 451 1596 Christi
470 1588 480 1605 ‚
510 1550 626 1613 quod
656 1561 718 1595 est
745 1550 962 1605 Ecclesia5
1000 1550 1045 1594 in
1085 1550 1178 1613 ipsa
1218 1548 1388 1594 dextera
1407 1583 1417 1602 ,

42 1621 128 1666 hoc
148 1631 226 1675 est,
249 1621 295 1666 in
312 1621 404 1683 ipsa
427 1620 697 1665 beatitudine
717 1620 914 1664 futurum
948 1631 1034 1672 est;
1060 1619 1173 1664 sicut
1188 1617 1424 1681 Apostolus

43 1690 174 1736 dicit:
202 1691 353 1746 «Quia
377 1701 419 1734 et
436 1689 565 1734 simul
590 1708 666 1734 nos
688 1690 915 1735 suscitavit
937 1726 946 1743 ‚
975 1701 1018 1734 et
1038 1689 1167 1735 simul
1188 1688 1332 1734 sedere
1360 1687 1423 1732 fe-

45 1784 64 1803 »
84 1762 143 1806 cit
165 1761 210 1807 in
246 1761 497 1807 coelestibus
520 1760 552 1806 1.
590 1782 609 1801 ›>
637 1761 848 1816 Quamvis
888 1761 1001 1806 enim
1039 1778 1199 1824 corpus
1230 1770 1425 1805 nostrum

43 1832 237 1877 nondum
257 1832 322 1877 ibi
345 1831 415 1886 sit,
442 1842 583 1876 tamen
609 1849 704 1895 spes
723 1843 869 1877 nostra
887 1835 979 1890 jam
1000 1832 1062 1877 ibi
1080 1843 1154 1878 est.
1180 1833 1419 1893 Propterea

43 1902 190 1964 etipse
203 1902 417 1946 Dominus
429 1911 527 1964 post
544 1903 901 1947 resurrectionem
918 1902 1046 1960 J'ussit
1062 1901 1300 1964 Discipulis
1315 1917 1423 1963 quos

42 1973 255 2035 piscantes
272 1972 455 2027 invenit,
478 1982 526 2016 ut
541 1972 586 2017 in
605 1972 762 2017 dexter
764 1990 821 2016 tm
833 1982 1001 2035 partem
1023 1972 1243 2016 mitterent
1255 1971 1360 2016 retia
1379 1971 1397 1998 ‘2

45 2042 175 2098 Ouod
199 2059 301 2088 cum
326 2042 552 2096 fecissent
585 2053 796 2105 ceperunt
818 2043 976 2105 pisces,
1004 2042 1080 2105 qui
1105 2058 1252 2087 omnes
1280 2040 1425 2100 maoni

44 2121 183 2167 ciant
200 2111 246 2156 id
273 2122 351 2166 est
370 2115 507 2170 justos
521 2080 844 2170 5ἰ<)ι]ἱὶἰ(;31;;,ιιη[
866 2111 1026 2174 quibus
1050 2111 1221 2156 dextera
1241 2111 1425 2174 piomit-

50 2182 170 2228 titur.
199 2182 296 2226 Hoc
318 2148 548 2240 significat‚
558 2147 694 2244 unod
716 2181 844 2226 etiam
868 2181 913 2225 in
926 2181 1095 2240 judicio
1110 2180 1271 2226 dixitse
1297 2197 1426 2240 agnos

47 2250 98 2295 ad
115 2250 350 2306 dexteram,
369 2250 526 2296 hoedos
548 2262 688 2296 autem
712 2251 765 2295 ad
785 2251 1002 2296 sinistram
1020 2268 1106 2296 esse
1123 2250 1373 2313 positurum
1388 2251 1419 2296 3.

111 2322 272 2367 XXIX.
299 2322 387 2365 Nec
405 2338 474 2365 eos
500 2321 744 2375 audiamus,
774 2321 852 2384 qui
878 2331 1035 2380 negant
1058 2320 1341 2379 diemjudicii
1360 2319 1426 2364 fu-

49 2403 212 2447 turum,
227 2402 268 2436 et
283 2403 627 2437 commemorant
646 2391 764 2454 quod
777 2391 822 2436 in
840 2391 1074 2450 Evangelio
1098 2391 1310 2453 scriptum
1333 2400 1394 2434 est
1413 2426 1423 2444 ‚

48 2479 166 2517 eum‚
188 2462 263 2524 qui
287 2462 426 2507 credit
450 2463 495 2507 in
523 2463 747 2507 Christum
767 2499 777 2517 ‚
812 2479 899 2507 non
931 2461 1146 2521 judicari3
1185 2460 1261 2523 qui
1284 2470 1426 2505 autem

54 2550 143 2578 non
163 2532 300 2578 credit
323 2532 368 2576 in
391 2532 513 2578 illum
534 2571 544 2588 ,
579 2537 668 2592 jam
688 2533 933 2593 Judicatum
961 2550 1059 2578 esse.
1084 2531 1252 2576 Dicunt
1270 2531 1385 2576 enim
1412 2548 1421 2575 :

96 2615 104 2636 ¹
124 2614 236 2659 Eplies.
255 2626 286 2651 ιι,
303 2615 390 2645 6.-
405 2612 420 2634 ‘²
437 2617 531 2645 Joan.
550 2626 618 2652 xxi,
636 2617 669 2646 6.
689 2633 730 2638 -—
750 2613 764 2636 3
784 2615 900 2646 Matth.
923 2626 998 2652 xxv,
1018 2616 1072 2645 33.
