1758 3246
301 296 391 356 392
711 309 744 338 s,
788 307 1030 339 auersum
1066 306 1268 339 EPlscom

303 395 324 414 »
348 373 441 418 viro
462 372 499 426 1;
521 394 542 415 »
565 372 773 436 quoniam
799 395 818 414 ‹<
836 373 995 419 Mulier
1015 372 1183 433 alligata
1197 385 1276 430 est,
1292 375 1489 437 quandiu
1507 377 1574 422 vir
1586 383 1677 438 ejus

299 463 321 483 >2
343 443 491 489 vivit2.
520 464 541 483 »
583 442 708 488 Unde
742 464 762 484 «
779 443 824 488 Si
849 460 953 488 uxor
971 442 1178 488 dimiserit
1202 444 1343 490 virum
1365 462 1491 491 suum
1528 457 1570 492 ct
1607 448 1678 494 alii

300 532 321 551 »
347 513 575 574 nupserit,
603 512 887 557 moechatur3
923 529 936 557 t
965 533 984 553 n
1013 522 1085 569 et,
1118 513 1247 569 «Qui
1275 514 1495 560 dimissam
1532 535 1554 562 a
1584 518 1678 562 viro

300 601 322 621 >2
350 581 519 627 duxerit
537 618 548 638 ,
571 583 836 627 moechatur.
860 602 880 622 ›>
901 581 1093 644 Ideoque
1112 599 1159 627 ex
1183 583 1331 629 eodem
1350 597 1573 648 praecepto
1593 587 1680 631 Do-

297 650 425 706 mini,
448 653 534 696 «Et
549 652 616 696 vir
633 667 806 696 uxorem
826 667 879 695 ne
900 650 1119 696 dimittat-'⁸
1139 668 1149 695 ε
1166 672 1186 692 »
1200 653 1408 714 quoniam
1426 675 1444 693 α
1456 655 1544 710 Qui
1556 655 1682 700 dimi-

298 743 321 764 »
350 723 450 768 serit
482 738 654 767 uxorem
683 738 805 766 suam
833 731 993 784 praeter
1014 737 1190 767 causam
1216 721 1512 769 fornicationis
1532 762 1543 780 ,
1578 725 1683 770 facit

301 812 323 832 >2
351 809 444 837 eam
461 790 752 837 n1oechari5.»
772 790 856 835 Sed
875 791 907 835 si
925 801 1107 853 propter
1124 791 1242 837 hanc
1258 808 1430 838 causam
1451 792 1677 849 dimiserit,

300 862 430 906 etiam
454 862 545 924 ipse
561 862 621 906 sic
642 871 816 905 maneat
838 878 847 904 :
865 881 884 901 «
903 860 1058 906 Omnis
1073 861 1184 905 enim
1210 861 1286 924 qui
1308 861 1491 907 dimittit
1509 879 1680 908 uxorem

300 951 322 971 >2
345 947 466 975 suam
489 968 499 986 ,
527 941 569 975 et
587 929 711 975 ducit
738 929 935 985 alteram,
961 930 1211 975 moechatur
1226 931 1259 976 6.
1278 951 1297 971 »
1321 931 1430 976 Haec
1450 933 1684 977 constituta

298 1000 476 1045 Domini
495 1001 587 1045 sine
604 999 691 1045 ulla
709 1000 1011 1045 retractatione
1030 1000 1239 1046 servanda
1259 1011 1373 1047 sunt.
1404 1002 1550 1047 Habet
1569 1002 1682 1047 enim

300 1071 398 1115 haec
418 1070 588 1128 Justitia
612 1085 711 1131 quae
738 1086 885 1114 coram
908 1069 982 1115 illo
1004 1080 1089 1125 est,
1117 1070 1204 1115 sive
1226 1072 1476 1133 approbent
1493 1072 1579 1117 sive
1596 1072 1684 1116 im-

299 1139 491 1202 probent
514 1138 712 1184 homines
735 1154 745 1181 :
773 1147 814 1181 et
838 1139 935 1182 ideo
956 1139 1045 1184 dici
1075 1156 1164 1184 non
1186 1150 1384 1202 oportet,
1408 1151 1590 1203 propter
1614 1141 1684 1186 of-

300 1209 511 1255 fensiones
535 1207 768 1252 hominum
785 1243 795 1261 ,
825 1216 898 1251 aut
930 1223 984 1251 ne
1012 1206 1310 1268 impediantur
1328 1210 1526 1255 homines
1553 1211 1610 1254 ab
1639 1227 1686 1254 ea

302 1278 436 1323 salute
454 1315 464 1332 ‚
491 1294 592 1341 quae
614 1277 659 1321 in
680 1276 857 1320 Christo
872 1285 957 1330 est,
983 1292 1072 1319 non
1096 1292 1182 1319 esse
1200 1275 1422 1322 servanda.
1447 1278 1556 1332 Quis
1570 1278 1685 1322 enim

300 1347 575 1392 Christianus
596 1346 753 1391 audeat
776 1344 945 1389 dicere:
971 1346 1035 1390 Ne
1055 1345 1254 1389 homines
1277 1345 1493 1390 offendam
1512 1382 1523 1401 ,
1546 1357 1621 1390 aut
1640 1357 1687 1392 ut

301 1417 500 1462 homines
552 1417 729 1462 Christo
769 1415 991 1478 acquiram
1017 1451 1028 1470 ,
1069 1414 1227 1459 faciam
1262 1415 1477 1461 moechari
1513 1432 1686 1462 uxorem

302 1505 441 1533 meam
459 1524 469 1542 ,
499 1497 573 1531 aut
590 1503 667 1545 ego
688 1486 780 1548 ipse
800 1485 1002 1530 moechus
1026 1484 1155 1529 fiam?

370 1557 578 1602 XXVIII.
622 1557 770 1600 Potest
784 1556 897 1600 enim
917 1555 1010 1600 fieri
1025 1592 1036 1610 ,
1062 1565 1111 1599 ut
1133 1571 1234 1599 cum
1253 1554 1491 1600 adulteram
1514 1573 1687 1602 uxorem

305 1628 488 1691 quisque
515 1626 723 1672 dimiserit
743 1625 1037 1680 Christianis,
1056 1625 1114 1670 ita
1141 1635 1344 1678 tentetur,
1365 1635 1412 1670 ut
1436 1626 1581 1689 aliqua
1599 1625 1688 1672 foe-

300 1698 419 1742 mina
439 1714 540 1759 quae
566 1696 762 1741 nondum
781 1696 968 1741 credidit
984 1732 994 1749 ‚
1023 1696 1204 1758 cupiens
1224 1695 1269 1739 in
1287 1699 1377 1754 ers
1394 1696 1570 1759 nuptias
1585 1713 1688 1742 con-

306 1768 468 1823 chire,
494 1767 724 1830 promittat
743 1783 784 1811 se
808 1766 998 1811 futuram
1019 1782 1105 1809 esse
1117 1765 1411 1810 Christianam
1425 1803 1436 1819 ,
1456 1783 1544 1811 non
1560 1765 1688 1811 falla-

308 1838 432 1893 citer,
461 1837 532 1882 sed
549 1837 582 1881 si
603 1836 639 1880 ei
660 1837 855 1899 nupserit
870 1873 880 1891 ,
901 1836 988 1881 hoc
1014 1835 1191 1879 omnino
1211 1835 1393 1881 factura.
1415 1836 1689 1898 Huicitaque

307 1907 395 1952 hoc
417 1907 689 1952 connubium
714 1907 928 1951 recusanti
946 1905 1108 1969 poterit
1133 1921 1356 1963 suggerere
1375 1905 1447 1950 ille
1470 1916 1686 1950 tentator:

308 1978 523 2023 Dominus
553 1977 660 2022 dixit
699 1994 709 2020 :
753 1998 772 2017 c<
794 1978 1075 2038 Quicumque
1114 1975 1324 2020 dimiserit
1357 1992 1531 2021 uxorem
1567 1993 1690 2021 suam

307 2068 331 2090 ³>
360 2057 518 2110 praeter
541 2064 716 2091 causam
740 2046 1041 2091 fornicationis
1062 2082 1073 2101 ,
1108 2056 1150 2090 ct
1182 2044 1309 2089 aliam
1342 2044 1537 2102 duxerit,
1573 2062 1690 2091 moe-

305 2138 329 2159 »
353 2116 541 2163 chami-⁷
566 2135 576 2161 ε
599 2138 619 2157 >)
640 2127 686 2161 tu
707 2127 850 2161 autem
870 2116 946 2178 qui
967 2114 1165 2160 dimisisti
1187 2124 1369 2177 propter
1396 2131 1573 2160 causam
1595 2114 1690 2160 for-

308 2187 542 2233 nicationis
566 2204 740 2232 uxorem
758 2223 769 2244 ,
807 2187 840 2231 si
866 2186 991 2230 aliam
1025 2184 1221 2239 duxeris,
1265 2201 1354 2229 non
1379 2184 1684 2230 moechaberis

307 2258 425 2304 Huic
443 2257 546 2302 talia
567 2256 808 2317 suggerenti
828 2293 838 2311 ‚
864 2255 1034 2300 erudito
1055 2255 1185 2320 corde
1205 2254 1462 2317 respondeat
1477 2253 1693 2299 moechari

306 2327 488 2391 quidem
510 2326 637 2372 illum
668 2328 838 2386 gravius
871 2326 950 2389 qui
989 2334 1150 2387 praeter
1183 2339 1357 2369 causam
1394 2322 1692 2368 fornicationis

304 2415 437 2444 uxore
462 2396 635 2442 dimissa
660 2397 835 2441 alteram
855 2395 1024 2440 duxerit
1045 2414 1056 2448 3
1079 2393 1151 2439 sed
1171 2393 1302 2438 etiam
1323 2392 1445 2437 illum
1470 2392 1545 2456 qui
1563 2409 1692 2437 uxore

305 2468 550 2514 fornicante
578 2466 755 2512 dimissa
779 2466 863 2511 sibi
897 2465 1022 2510 aliam
1055 2463 1309 2527 copulavit,
1354 2479 1444 2507 non
1480 2461 1577 2507 ideo
1604 2479 1692 2507 non

361 2554 371 2576 ¹
392 2568 405 2587 1
426 2558 502 2587 Cor.
530 2566 590 2594 vit,
611 2556 668 2595 39.
695 2573 737 2579 —
754 2552 769 2575 2
785 2555 889 2586 Marc.
907 2564 940 2591 x,
969 2565 1018 2584 12.
1032 2569 1080 2576 —
1095 2549 1110 2573 3
1128 2550 1243 2583 Manli.
1265 2561 1332 2589 xix,
1354 2562 1389 2592 9.
1408 2568 1451 2574 —
1466 2547 1481 2572 ⁴
1499 2562 1511 2581 1
1532 2551 1609 2582 Cor.
1628 2560 1658 2580 vi
1678 2558 1690 2577 ο

306 2622 318 2641 1
332 2623 359 2642 1.
373 2627 418 2633 —-
435 2608 448 2632 ⁵
464 2608 581 2642 Mauh.
596 2619 647 2646 ιιι,
668 2610 724 2641 32.
741 2626 782 2632 —
799 2605 814 2628 ⁶
828 2610 902 2639 Luc.
923 2618 986 2645 xvi,
1011 2608 1062 2640 18.
1078 2622 1122 2629 —
1140 2603 1153 2627 7
1175 2604 1294 2636 Matth.
1313 2614 1343 2642 v,
1362 2605 1417 2636 325
