1758 3246
0 2350 1 2378 l

0 2380 2 2402 ι

399 304 454 335 DE
491 302 614 334 nono
650 302 931 347 comeciam,
971 306 1058 339 Lm.
1101 310 1132 341 1.
1363 298 1445 344 281

79 370 331 428 fluentiam,
361 369 460 416 satis
479 383 695 431 superque
728 384 982 431 lesponsum
1005 382 1092 416 est:
1128 375 1163 420 si
1194 384 1337 422 tamen
1374 395 1454 424 ca-

80 447 210 510 piunt
245 460 332 489 non
370 456 456 485 esse
478 455 598 502 pecc
587 449 705 484 itum
729 439 850 502 quod
883 456 1022 503 neque
1058 453 1211 489 contra
1252 458 1452 493 naturam

80 513 384 565 committitur,
408 508 511 572 quia
535 524 623 552 non
663 507 945 565 lasciviendi,
979 509 1053 556 sed
1092 512 1296 572 gignendi
1326 534 1453 563 causa

77 586 163 632 illis
186 580 376 629 foeminis
394 579 660 631 utebantur3
695 595 834 642 neque
859 546 1011 624 coritra
1034 597 1197 627 m01em
1213 585 1352 646 ,quia
1372 586 1454 631 illis

76 653 349 716 temporibus
371 667 418 695 ea
442 647 786 701 fictitabt3mtur
818 666 958 712 neque
990 661 1142 696 contra
1159 664 1451 728 praeceptum,

79 723 183 787 quia
205 721 324 767 nulla
340 720 432 779 lege
452 716 821 781 prohibebantur.
845 717 948 763 Illos
978 737 1078 765 vero
1099 722 1175 784 qui
1209 722 1342 769 illcite
1366 723 1456 769 foe-

79 792 208 838 minis
228 792 289 837 usi
312 800 429 846 sunt,
451 787 519 834 vel
555 787 697 846 aug-uit
719 787 765 832 in
806 788 1046 852 Scripturis
1068 790 1153 836 illis
1173 791 1321 839 divina
1358 811 1458 839 sen-

79 862 238 916 tentia,
266 860 333 906 vel
352 859 478 905 nobis
504 857 633 903 lectio
664 856 931 915 judicandos
958 870 1088 923 atque
1107 862 1331 920 vitandos,
1368 881 1457 910 non

80 930 391 995 approbandos
413 927 700 974 imitandosve
721 929 944 991 proponit.

144 1001 349 1047 xxxiv.
381 1001 560 1045 lNostros
586 1007 729 1042 autem
754 999 830 1060 qui
856 1003 1062 1060 conjuges
1082 1001 1269 1059 habent,
1310 1019 1456 1066 quan-

80 1083 174 1118 tum
188 1087 435 1135 possumus,
459 1069 757 1124 admonemus,
785 1086 837 1114 ne
867 1070 1106 1115 secundum
1128 1088 1176 1117 su
1181 1090 1248 1117 im
1266 1073 1457 1120 infumi-

80 1153 210 1188 tatem
237 1141 290 1187 de
309 1141 393 1186 illis
417 1139 573 1185 sanctis
589 1138 792 1199 patribus
815 1136 1004 1183 audeant
1022 1141 1244 1198 judic-1r03
1275 1161 1459 1207 compa-

79 1224 244 1266 rantes,
272 1222 320 1256 ut
347 1212 407 1254 ait
443 1206 703 1269 Apostolus,
753 1207 1001 1269 semetipsos
1033 1209 1374 1276 sibimetipsi513
1418 1225 1460 1259 et

77 1282 174 1328 ideo
198 1297 286 1325 non
308 1277 592 1336 intelligentes
619 1285 803 1338 quantas
828 1276 940 1322 vires
973 1277 1136 1325 habeat
1159 1283 1328 1328 animus
1364 1287 1459 1343 jus-

79 1352 187 1401 titiae
207 1360 357 1396 contra
368 1347 572 1393 libidines
589 1346 776 1392 serviens
791 1382 802 1402 ,
823 1364 877 1392 ne
893 1348 1141 1396 carnalibus
1155 1351 1462 1411 hujuscemodi

82 1421 275 1468 motibus
299 1418 568 1481 acquiescat,
606 1433 764 1479 eosque
806 1416 851 1461 in
890 1419 1178 1466 concubitum
1203 1422 1316 1468 ultra
1340 1441 1463 1483 gene-

77 1491 204 1538 randi
222 1489 516 1535 necessitatem
536 1487 711 1550 prolabi
734 1497 809 1531 aut
830 1489 1035 1549 progredi
1066 1491 1200 1547 sinat,
1242 1504 1458 1556 quantum

81 1561 190 1607 ordo
216 1570 401 1615 niturae,
439 1568 653 1621 quantum
698 1573 872 1601 morum
918 1560 1204 1617 consuetudo,
1246 1574 1461 1625 quantum

77 1631 220 1691 legum
243 1631 347 1676 scita
373 1628 678 1692 praescribunt.
705 1627 801 1672 Hoc
812 1628 985 1706 quippe
1008 1629 1105 1675 ideo
1131 1630 1184 1676 de
1224 1632 1307 1678 illis
1322 1635 1458 1695 patri-

77 1703 162 1748 bus
186 1701 384 1747 homines
414 1698 849 1762 suspicantul,qt1a
874 1699 960 1761 ipsi
992 1717 1070 1762 pei
1096 1701 1461 1750 incontinenti·nn

81 1773 150 1820 vel
193 1771 371 1836 nuptias
417 1770 639 1830 elegerunt
656 1805 668 1824 ,
713 1769 780 1815 iel
825 1771 1085 1830 conjugibus
1128 1772 1465 1837 intemperanter

83 1853 278 1890 utuntur.
310 1844 367 1888 At
390 1858 489 1887 vcro
532 1839 798 1885 continentes
835 1840 904 1886 ιρι
948 1858 1086 1887 mares
1128 1843 1204 1906 qui
1245 1844 1461 1892 defunctis

83 1913 321 1969 uxoribus,
341 1911 411 1957 vel
432 1910 627 1955 foeminae
651 1926 751 1971 quae
785 1909 975 1956 defuntis
1015 1911 1134 1967 viris,
1179 1913 1247 1959 vel
1287 1917 1463 1979 utrique

81 1983 158 2047 qui
183 1982 281 2046 pari
318 1996 527 2027 consensu
568 1978 879 2024 continentiam
906 1980 997 2024 Deo
1044 1994 1280 2040 voverunt,
1326 1986 1464 2030 sciant

83 2053 166 2099 sibi
192 2051 369 2116 quidem
393 2048 602 2096 mercedis
627 2049 812 2111 amplius
838 2049 1013 2106 deberi,
1049 2067 1182 2113 quam
1223 2055 1464 2114 conjugalis

84 2123 257 2168 castitas
280 2122 452 2184 poscit:
475 2119 548 2165 sed
572 2129 818 2164 sanctorum
838 2086 1019 2182 patruni
1043 2121 1224 2184 nuptias
1250 2124 1327 2186 qui
1354 2141 1465 2187 pro-

82 2193 257 2256 phetice
275 2190 670 2269 conjungebantur,
684 2187 762 2252 qui
784 2206 922 2252 neque
938 2189 984 2234 in
996 2191 1238 2238 concubitu
1258 2193 1336 2238 nisi
1361 2212 1462 2257 pro-

84 2263 187 2313 lem,
216 2278 423 2325 nequem
445 2261 540 2323 ipsa
574 2259 698 2322 prole
732 2259 814 2304 nisi
851 2259 971 2322 quod
1012 2260 1059 2306 in
1106 2279 1234 2308 carne
1276 2274 1462 2310 ventulo

87 2332 265 2379 Christo
289 2332 538 2395 proficeret,
565 2329 862 2393 requirebant,
885 2347 973 2375 non
986 2330 1127 2377 solum
1149 2350 1243 2397 prae
1262 2351 1338 2379 suo
1358 2352 1461 2397 pro-

83 2402 224 2466 posito
248 2419 336 2447 non
356 2411 663 2455 contemnant,
702 2401 985 2447 verumetiam
1003 2419 1079 2448 suo
1117 2406 1344 2468 proposito
1372 2405 1462 2452 sine

86 2472 359 2519 dubitatione
389 2482 665 2535 praeponant.

149 2541 329 2588 XXXV.
359 2542 521 2587 Pueros
540 2558 715 2606 quoque
737 2559 785 2589 ac
802 2542 987 2604 virgines
1008 2544 1297 2606 integritatem
1321 2545 1464 2610 ipsam

86 2657 94 2668 ι
135 2622 146 2647 ¹
175 2633 191 2655 2
213 2624 285 2655 Cor.
300 2632 331 2661 Χ,
352 2632 404 2656 12.
