<?xml version="1.0" encoding="UTF-8"?>
<!DOCTYPE html PUBLIC "-//W3C//DTD XHTML 1.0 Transitional//EN"
    "http://www.w3.org/TR/xhtml1/DTD/xhtml1-transitional.dtd">
<html xmlns="http://www.w3.org/1999/xhtml" xml:lang="en" lang="en">
 <head>
  <title>
</title>
<meta http-equiv="Content-Type" content="text/html;charset=utf-8" />
  <meta name='ocr-system' content='tesseract 3.04.00' />
  <meta name='ocr-capabilities' content='ocr_page ocr_carea ocr_par ocr_line ocrx_word'/>
</head>
<body>
  <div class='ocr_page' id='page_1' title='image "./operaomniaaccura26auguuoft/operaomniaaccura26auguuoft_0558.png"; bbox 0 0 1758 3246; ppageno 0'>
   <div class='ocr_carea' id='block_1_1' title="bbox 308 312 1683 2639">
    <p class='ocr_par' dir='ltr' id='par_1_1' title="bbox 321 312 1292 370">
     <span class='ocr_line' id='line_1_1' title="bbox 321 312 1292 370; baseline 0.004 -13"><span class='ocrx_word' id='word_1_1' title='bbox 321 312 412 358; x_wconf 71' lang='lat'>538</span> <span class='ocrx_word' id='word_1_2' title='bbox 739 329 772 358; x_wconf 92' lang='lat' dir='ltr'>s.</span> <span class='ocrx_word' id='word_1_3' title='bbox 817 328 1056 370; x_wconf 65' lang='lat' dir='ltr'>Areusrim</span> <span class='ocrx_word' id='word_1_4' title='bbox 1092 328 1292 368; x_wconf 75' lang='lat' dir='ltr'>Episcorl</span> 
     </span>
    </p>

    <p class='ocr_par' dir='ltr' id='par_1_2' title="bbox 308 391 1683 2639">
     <span class='ocr_line' id='line_1_2' title="bbox 320 391 1677 456; baseline 0.006 -20"><span class='ocrx_word' id='word_1_5' title='bbox 320 391 475 451; x_wconf 80' lang='lat' dir='ltr'>gelium</span> <span class='ocrx_word' id='word_1_6' title='bbox 502 391 767 455; x_wconf 71' lang='lat' dir='ltr'>praedicare?</span> <span class='ocrx_word' id='word_1_7' title='bbox 813 393 895 439; x_wconf 90' lang='lat' dir='ltr'>Cui</span> <span class='ocrx_word' id='word_1_8' title='bbox 921 393 1192 456; x_wconf 78' lang='lat' dir='ltr'>respondeo:</span> <span class='ocrx_word' id='word_1_9' title='bbox 1243 399 1350 441; x_wconf 83' lang='lat' dir='ltr'>Puta</span> <span class='ocrx_word' id='word_1_10' title='bbox 1390 411 1459 442; x_wconf 88' lang='lat' dir='ltr'>me</span> <span class='ocrx_word' id='word_1_11' title='bbox 1492 397 1677 452; x_wconf 80' lang='lat' dir='ltr'>nescire3</span> 
     </span>
     <span class='ocr_line' id='line_1_3' title="bbox 319 462 1680 526; baseline 0.006 -20"><span class='ocrx_word' id='word_1_12' title='bbox 319 462 598 524; x_wconf 68' lang='lat' dir='ltr'>corporaliter</span> <span class='ocrx_word' id='word_1_13' title='bbox 618 473 762 509; x_wconf 83' lang='lat' dir='ltr'>tamen</span> <span class='ocrx_word' id='word_1_14' title='bbox 789 475 1016 526; x_wconf 86' lang='lat' dir='ltr'>operatum</span> <span class='ocrx_word' id='word_1_15' title='bbox 1054 481 1138 509; x_wconf 87' lang='lat' dir='ltr'>esse</span> <span class='ocrx_word' id='word_1_16' title='bbox 1154 501 1165 519; x_wconf 86' lang='lat'>‚</span> <span class='ocrx_word' id='word_1_17' title='bbox 1217 475 1259 509; x_wconf 87' lang='lat' dir='ltr'>et</span> <span class='ocrx_word' id='word_1_18' title='bbox 1307 464 1408 510; x_wconf 86' lang='lat' dir='ltr'>inde</span> <span class='ocrx_word' id='word_1_19' title='bbox 1457 466 1504 511; x_wconf 91' lang='lat' dir='ltr'>in</span> <span class='ocrx_word' id='word_1_20' title='bbox 1552 483 1680 514; x_wconf 87' lang='lat' dir='ltr'>carne</span> 
     </span>
     <span class='ocr_line' id='line_1_4' title="bbox 315 532 1678 600; baseline 0.005 -24"><span class='ocrx_word' id='word_1_21' title='bbox 315 532 479 584; x_wconf 68' lang='lat' dir='ltr'>vixisse,</span> <span class='ocrx_word' id='word_1_22' title='bbox 505 551 591 579; x_wconf 85' lang='lat' dir='ltr'>non</span> <span class='ocrx_word' id='word_1_23' title='bbox 610 544 750 579; x_wconf 89' lang='lat' dir='ltr'>autem</span> <span class='ocrx_word' id='word_1_24' title='bbox 777 551 897 580; x_wconf 89' lang='lat' dir='ltr'>usum</span> <span class='ocrx_word' id='word_1_25' title='bbox 920 544 1127 597; x_wconf 81' lang='lat' dir='ltr'>potestate</span> <span class='ocrx_word' id='word_1_26' title='bbox 1145 552 1275 598; x_wconf 88' lang='lat' dir='ltr'>quam</span> <span class='ocrx_word' id='word_1_27' title='bbox 1302 536 1514 581; x_wconf 84' lang='lat' dir='ltr'>Dominus</span> <span class='ocrx_word' id='word_1_28' title='bbox 1536 538 1678 600; x_wconf 86' lang='lat' dir='ltr'>Apos-</span> 
     </span>
     <span class='ocr_line' id='line_1_5' title="bbox 319 601 1678 667; baseline 0.006 -21"><span class='ocrx_word' id='word_1_29' title='bbox 319 601 414 657; x_wconf 86' lang='lat' dir='ltr'>tolis</span> <span class='ocrx_word' id='word_1_30' title='bbox 431 601 631 660; x_wconf 78' lang='lat' dir='ltr'>dederat,</span> <span class='ocrx_word' id='word_1_31' title='bbox 676 615 723 650; x_wconf 89' lang='lat' dir='ltr'>ut</span> <span class='ocrx_word' id='word_1_32' title='bbox 757 604 1039 664; x_wconf 80' lang='lat' dir='ltr'>Evangeliuni</span> <span class='ocrx_word' id='word_1_33' title='bbox 1077 606 1336 652; x_wconf 83' lang='lat' dir='ltr'>annuntians</span> <span class='ocrx_word' id='word_1_34' title='bbox 1367 606 1419 652; x_wconf 92' lang='lat' dir='ltr'>de</span> <span class='ocrx_word' id='word_1_35' title='bbox 1444 606 1678 667; x_wconf 85' lang='lat' dir='ltr'>Evangelio</span> 
     </span>
     <span class='ocr_line' id='line_1_6' title="bbox 316 672 1678 739; baseline 0.004 -21"><span class='ocrx_word' id='word_1_36' title='bbox 316 672 503 729; x_wconf 74' lang='lat' dir='ltr'>viveret,</span> <span class='ocrx_word' id='word_1_37' title='bbox 530 691 577 720; x_wconf 87' lang='lat' dir='ltr'>ea</span> <span class='ocrx_word' id='word_1_38' title='bbox 606 691 705 738; x_wconf 81' lang='lat' dir='ltr'>quae</span> <span class='ocrx_word' id='word_1_39' title='bbox 738 692 869 739; x_wconf 87' lang='lat' dir='ltr'>supra</span> <span class='ocrx_word' id='word_1_40' title='bbox 902 675 1020 720; x_wconf 88' lang='lat' dir='ltr'>dicta</span> <span class='ocrx_word' id='word_1_41' title='bbox 1043 687 1144 721; x_wconf 89' lang='lat' dir='ltr'>sunt</span> <span class='ocrx_word' id='word_1_42' title='bbox 1167 676 1255 721; x_wconf 86' lang='lat' dir='ltr'>sine</span> <span class='ocrx_word' id='word_1_43' title='bbox 1281 676 1368 722; x_wconf 88' lang='lat' dir='ltr'>ulla</span> <span class='ocrx_word' id='word_1_44' title='bbox 1406 677 1678 726; x_wconf 80' lang='lat' dir='ltr'>dubitatione</span> 
     </span>
     <span class='ocr_line' id='line_1_7' title="bbox 315 745 1680 808; baseline 0.005 -22"><span class='ocrx_word' id='word_1_45' title='bbox 315 751 538 798; x_wconf 70' lang='lat' dir='ltr'><strong>testantur.</strong></span> <span class='ocrx_word' id='word_1_46' title='bbox 574 745 722 808; x_wconf 55' lang='lat' dir='ltr'>Neque</span> <span class='ocrx_word' id='word_1_47' title='bbox 741 745 855 790; x_wconf 86' lang='lat' dir='ltr'>enim</span> <span class='ocrx_word' id='word_1_48' title='bbox 880 755 954 790; x_wconf 91' lang='lat' dir='ltr'>aut</span> <span class='ocrx_word' id='word_1_49' title='bbox 977 761 1062 790; x_wconf 88' lang='lat' dir='ltr'>uno</span> <span class='ocrx_word' id='word_1_50' title='bbox 1079 745 1175 791; x_wconf 93' lang='lat' dir='ltr'>loco</span> <span class='ocrx_word' id='word_1_51' title='bbox 1198 756 1272 792; x_wconf 87' lang='lat' dir='ltr'>aut</span> <span class='ocrx_word' id='word_1_52' title='bbox 1286 746 1473 792; x_wconf 84' lang='lat' dir='ltr'>breviter</span> <span class='ocrx_word' id='word_1_53' title='bbox 1512 747 1680 796; x_wconf 85' lang='lat' dir='ltr'>dictum</span> 
     </span>
     <span class='ocr_line' id='line_1_8' title="bbox 315 814 1680 875; baseline 0.004 -19"><span class='ocrx_word' id='word_1_54' title='bbox 315 822 398 867; x_wconf 71' lang='lat' dir='ltr'>est,</span> <span class='ocrx_word' id='word_1_55' title='bbox 425 823 472 858; x_wconf 85' lang='lat' dir='ltr'>ut</span> <span class='ocrx_word' id='word_1_56' title='bbox 487 814 622 875; x_wconf 78' lang='lat' dir='ltr'>possit</span> <span class='ocrx_word' id='word_1_57' title='bbox 639 815 829 875; x_wconf 86' lang='lat' dir='ltr'>cujusvis</span> <span class='ocrx_word' id='word_1_58' title='bbox 849 815 1095 861; x_wconf 73' lang='lat' dir='ltr'>astutissimi</span> <span class='ocrx_word' id='word_1_59' title='bbox 1119 816 1462 875; x_wconf 80' lang='lat' dir='ltr'>tergiversatione</span> <span class='ocrx_word' id='word_1_60' title='bbox 1484 817 1525 862; x_wconf 89' lang='lat' dir='ltr'>in</span> <span class='ocrx_word' id='word_1_61' title='bbox 1553 817 1680 863; x_wconf 89' lang='lat' dir='ltr'>aliam</span> 
     </span>
     <span class='ocr_line' id='line_1_9' title="bbox 316 882 1681 948; baseline 0.005 -22"><span class='ocrx_word' id='word_1_62' title='bbox 316 882 485 927; x_wconf 79' lang='lat' dir='ltr'>traduci</span> <span class='ocrx_word' id='word_1_63' title='bbox 505 885 776 948; x_wconf 77' lang='lat' dir='ltr'>pervertique</span> <span class='ocrx_word' id='word_1_64' title='bbox 794 886 1059 932; x_wconf 86' lang='lat' dir='ltr'>sententiam.</span> <span class='ocrx_word' id='word_1_65' title='bbox 1094 886 1206 931; x_wconf 88' lang='lat' dir='ltr'>Cum</span> <span class='ocrx_word' id='word_1_66' title='bbox 1236 885 1365 945; x_wconf 85' lang='lat' dir='ltr'>igitur</span> <span class='ocrx_word' id='word_1_67' title='bbox 1383 897 1513 932; x_wconf 83' lang='lat' dir='ltr'>tantae</span> <span class='ocrx_word' id='word_1_68' title='bbox 1535 898 1681 933; x_wconf 80' lang='lat' dir='ltr'>aucto-</span> 
     </span>
     <span class='ocr_line' id='line_1_10' title="bbox 315 952 1680 1014; baseline 0.004 -19"><span class='ocrx_word' id='word_1_69' title='bbox 315 952 451 997; x_wconf 85' lang='lat' dir='ltr'>ritatis</span> <span class='ocrx_word' id='word_1_70' title='bbox 488 963 574 998; x_wconf 89' lang='lat' dir='ltr'>tam</span> <span class='ocrx_word' id='word_1_71' title='bbox 615 955 779 1014; x_wconf 84' lang='lat' dir='ltr'>magnis</span> <span class='ocrx_word' id='word_1_72' title='bbox 805 966 844 1000; x_wconf 91' lang='lat' dir='ltr'>et</span> <span class='ocrx_word' id='word_1_73' title='bbox 871 955 1034 1000; x_wconf 84' lang='lat' dir='ltr'>crebris</span> <span class='ocrx_word' id='word_1_74' title='bbox 1062 954 1249 1001; x_wconf 86' lang='lat' dir='ltr'>molibus</span> <span class='ocrx_word' id='word_1_75' title='bbox 1285 956 1680 1003; x_wconf 85' lang='lat' dir='ltr'>contradicentium</span> 
     </span>
     <span class='ocr_line' id='line_1_11' title="bbox 314 1023 1679 1090; baseline 0.005 -24"><span class='ocrx_word' id='word_1_76' title='bbox 314 1032 561 1067; x_wconf 83' lang='lat' dir='ltr'>conteratur</span> <span class='ocrx_word' id='word_1_77' title='bbox 580 1023 827 1079; x_wconf 81' lang='lat' dir='ltr'>adversitas,</span> <span class='ocrx_word' id='word_1_78' title='bbox 850 1025 958 1088; x_wconf 92' lang='lat' dir='ltr'>quid</span> <span class='ocrx_word' id='word_1_79' title='bbox 978 1044 1000 1070; x_wconf 89' lang='lat' dir='ltr'>a</span> <span class='ocrx_word' id='word_1_80' title='bbox 1020 1043 1087 1071; x_wconf 88' lang='lat' dir='ltr'>me</span> <span class='ocrx_word' id='word_1_81' title='bbox 1107 1037 1328 1089; x_wconf 79' lang='lat' dir='ltr'>quaerunt,</span> <span class='ocrx_word' id='word_1_82' title='bbox 1349 1026 1416 1073; x_wconf 69' lang='lat' dir='ltr'>vel</span> <span class='ocrx_word' id='word_1_83' title='bbox 1430 1027 1555 1090; x_wconf 86' lang='lat' dir='ltr'>quale</span> <span class='ocrx_word' id='word_1_84' title='bbox 1569 1044 1679 1090; x_wconf 87' lang='lat' dir='ltr'>opus</span> 
     </span>
     <span class='ocr_line' id='line_1_12' title="bbox 313 1090 1682 1160; baseline 0.005 -24"><span class='ocrx_word' id='word_1_85' title='bbox 313 1090 500 1137; x_wconf 82' lang='lat' dir='ltr'>faciebat</span> <span class='ocrx_word' id='word_1_86' title='bbox 515 1094 581 1139; x_wconf 73' lang='lat' dir='ltr'>vel</span> <span class='ocrx_word' id='word_1_87' title='bbox 602 1095 777 1158; x_wconf 86' lang='lat' dir='ltr'>quando</span> <span class='ocrx_word' id='word_1_88' title='bbox 803 1095 1017 1142; x_wconf 67' lang='lat' dir='ltr'>faciebat?</span> <span class='ocrx_word' id='word_1_89' title='bbox 1045 1097 1190 1153; x_wconf 65' lang='lat' dir='ltr'>L&#39;num</span> <span class='ocrx_word' id='word_1_90' title='bbox 1207 1098 1319 1153; x_wconf 80' lang='lat' dir='ltr'>seio,</span> <span class='ocrx_word' id='word_1_91' title='bbox 1345 1098 1447 1160; x_wconf 89' lang='lat' dir='ltr'>quia</span> <span class='ocrx_word' id='word_1_92' title='bbox 1465 1114 1544 1143; x_wconf 89' lang='lat' dir='ltr'>nec</span> <span class='ocrx_word' id='word_1_93' title='bbox 1565 1097 1682 1143; x_wconf 86' lang='lat' dir='ltr'>furta</span> 
     </span>
     <span class='ocr_line' id='line_1_13' title="bbox 316 1161 1681 1227; baseline 0.005 -21"><span class='ocrx_word' id='word_1_94' title='bbox 316 1161 531 1219; x_wconf 75' lang='lat' dir='ltr'>faciebat,</span> <span class='ocrx_word' id='word_1_95' title='bbox 554 1181 631 1209; x_wconf 88' lang='lat' dir='ltr'>nee</span> <span class='ocrx_word' id='word_1_96' title='bbox 656 1166 854 1211; x_wconf 85' lang='lat' dir='ltr'>effractor</span> <span class='ocrx_word' id='word_1_97' title='bbox 873 1178 946 1211; x_wconf 90' lang='lat' dir='ltr'>aut</span> <span class='ocrx_word' id='word_1_98' title='bbox 965 1166 1075 1212; x_wconf 88' lang='lat' dir='ltr'>latro</span> <span class='ocrx_word' id='word_1_99' title='bbox 1093 1177 1204 1223; x_wconf 87' lang='lat' dir='ltr'>erat‚</span> <span class='ocrx_word' id='word_1_100' title='bbox 1223 1184 1300 1212; x_wconf 90' lang='lat' dir='ltr'>nec</span> <span class='ocrx_word' id='word_1_101' title='bbox 1319 1168 1466 1227; x_wconf 82' lang='lat' dir='ltr'>auriga</span> <span class='ocrx_word' id='word_1_102' title='bbox 1492 1178 1565 1213; x_wconf 89' lang='lat' dir='ltr'>aut</span> <span class='ocrx_word' id='word_1_103' title='bbox 1602 1184 1681 1213; x_wconf 89' lang='lat' dir='ltr'>ve-</span> 
     </span>
     <span class='ocr_line' id='line_1_14' title="bbox 318 1235 1682 1300; baseline 0.004 -24"><span class='ocrx_word' id='word_1_104' title='bbox 318 1242 442 1278; x_wconf 81' lang='lat' dir='ltr'>nator</span> <span class='ocrx_word' id='word_1_105' title='bbox 473 1244 546 1278; x_wconf 86' lang='lat' dir='ltr'>aut</span> <span class='ocrx_word' id='word_1_106' title='bbox 580 1235 760 1294; x_wconf 83' lang='lat' dir='ltr'>histrio,</span> <span class='ocrx_word' id='word_1_107' title='bbox 799 1254 877 1282; x_wconf 83' lang='lat' dir='ltr'>nec</span> <span class='ocrx_word' id='word_1_108' title='bbox 913 1237 1207 1300; x_wconf 80' lang='lat' dir='ltr'>turpilucrus3</span> <span class='ocrx_word' id='word_1_109' title='bbox 1253 1238 1325 1283; x_wconf 88' lang='lat' dir='ltr'>sed</span> <span class='ocrx_word' id='word_1_110' title='bbox 1359 1239 1612 1286; x_wconf 85' lang='lat' dir='ltr'>innocenter</span> <span class='ocrx_word' id='word_1_111' title='bbox 1640 1247 1682 1282; x_wconf 91' lang='lat' dir='ltr'>et</span> 
     </span>
     <span class='ocr_line' id='line_1_15' title="bbox 316 1302 1678 1370; baseline 0.004 -23"><span class='ocrx_word' id='word_1_112' title='bbox 316 1302 493 1348; x_wconf 85' lang='lat' dir='ltr'>honeste</span> <span class='ocrx_word' id='word_1_113' title='bbox 531 1322 631 1367; x_wconf 80' lang='lat' dir='ltr'>quae</span> <span class='ocrx_word' id='word_1_114' title='bbox 677 1317 778 1369; x_wconf 89' lang='lat' dir='ltr'>apta</span> <span class='ocrx_word' id='word_1_115' title='bbox 817 1318 917 1352; x_wconf 88' lang='lat' dir='ltr'>sunt</span> <span class='ocrx_word' id='word_1_116' title='bbox 955 1307 1158 1352; x_wconf 87' lang='lat' dir='ltr'>humanis</span> <span class='ocrx_word' id='word_1_117' title='bbox 1202 1307 1349 1352; x_wconf 85' lang='lat' dir='ltr'>usibus</span> <span class='ocrx_word' id='word_1_118' title='bbox 1388 1308 1678 1370; x_wconf 77' lang='lat' dir='ltr'>operabatur3</span> 
     </span>
     <span class='ocr_line' id='line_1_16' title="bbox 315 1374 1679 1439; baseline 0.003 -21"><span class='ocrx_word' id='word_1_119' title='bbox 315 1374 425 1420; x_wconf 87' lang='lat' dir='ltr'>sicut</span> <span class='ocrx_word' id='word_1_120' title='bbox 448 1392 533 1422; x_wconf 85' lang='lat' dir='ltr'>sese</span> <span class='ocrx_word' id='word_1_121' title='bbox 549 1375 716 1421; x_wconf 82' lang='lat' dir='ltr'>habent</span> <span class='ocrx_word' id='word_1_122' title='bbox 739 1394 868 1439; x_wconf 82' lang='lat' dir='ltr'>opera</span> <span class='ocrx_word' id='word_1_123' title='bbox 885 1377 1107 1423; x_wconf 76' lang='lat' dir='ltr'>fabrorum</span> <span class='ocrx_word' id='word_1_124' title='bbox 1125 1414 1135 1432; x_wconf 86' lang='lat'>,</span> <span class='ocrx_word' id='word_1_125' title='bbox 1159 1388 1445 1434; x_wconf 82' lang='lat' dir='ltr'>structorum,</span> <span class='ocrx_word' id='word_1_126' title='bbox 1466 1389 1679 1432; x_wconf 78' lang='lat' dir='ltr'>sutorum,</span> 
     </span>
     <span class='ocr_line' id='line_1_17' title="bbox 314 1446 1681 1510; baseline 0.003 -21"><span class='ocrx_word' id='word_1_127' title='bbox 314 1446 573 1491; x_wconf 87' lang='lat' dir='ltr'>rusticorum</span> <span class='ocrx_word' id='word_1_128' title='bbox 591 1483 601 1503; x_wconf 82' lang='grc'>,</span> <span class='ocrx_word' id='word_1_129' title='bbox 626 1457 666 1492; x_wconf 87' lang='lat' dir='ltr'>et</span> <span class='ocrx_word' id='word_1_130' title='bbox 683 1447 751 1492; x_wconf 86' lang='lat' dir='ltr'>his</span> <span class='ocrx_word' id='word_1_131' title='bbox 771 1447 938 1493; x_wconf 84' lang='lat' dir='ltr'>similia.</span> <span class='ocrx_word' id='word_1_132' title='bbox 973 1449 1120 1510; x_wconf 85' lang='lat' dir='ltr'>Neque</span> <span class='ocrx_word' id='word_1_133' title='bbox 1140 1448 1253 1492; x_wconf 89' lang='lat' dir='ltr'>enim</span> <span class='ocrx_word' id='word_1_134' title='bbox 1280 1447 1480 1493; x_wconf 86' lang='lat' dir='ltr'>honestas</span> <span class='ocrx_word' id='word_1_135' title='bbox 1500 1448 1595 1510; x_wconf 73' lang='lat' dir='ltr'>ipsa</span> <span class='ocrx_word' id='word_1_136' title='bbox 1611 1465 1681 1493; x_wconf 85' lang='lat' dir='ltr'>re-</span> 
     </span>
     <span class='ocr_line' id='line_1_18' title="bbox 314 1515 1680 1581; baseline 0.001 -20"><span class='ocrx_word' id='word_1_137' title='bbox 314 1515 570 1578; x_wconf 80' lang='lat' dir='ltr'>prehendit,</span> <span class='ocrx_word' id='word_1_138' title='bbox 597 1516 717 1580; x_wconf 85' lang='lat' dir='ltr'>quod</span> <span class='ocrx_word' id='word_1_139' title='bbox 742 1517 1023 1580; x_wconf 77' lang='lat' dir='ltr'>reprehendit</span> <span class='ocrx_word' id='word_1_140' title='bbox 1058 1518 1259 1581; x_wconf 85' lang='lat' dir='ltr'>superbia</span> <span class='ocrx_word' id='word_1_141' title='bbox 1292 1533 1441 1563; x_wconf 85' lang='lat' dir='ltr'>eorum</span> <span class='ocrx_word' id='word_1_142' title='bbox 1477 1518 1554 1581; x_wconf 84' lang='lat' dir='ltr'>qui</span> <span class='ocrx_word' id='word_1_143' title='bbox 1593 1518 1680 1565; x_wconf 79' lang='lat' dir='ltr'>lio-</span> 
     </span>
     <span class='ocr_line' id='line_1_19' title="bbox 313 1586 1678 1648; baseline 0.002 -18"><span class='ocrx_word' id='word_1_144' title='bbox 313 1586 419 1631; x_wconf 89' lang='lat' dir='ltr'>nesti</span> <span class='ocrx_word' id='word_1_145' title='bbox 437 1588 581 1632; x_wconf 77' lang='lat' dir='ltr'>vocari</span> <span class='ocrx_word' id='word_1_146' title='bbox 593 1598 739 1632; x_wconf 85' lang='lat' dir='ltr'>amant</span> <span class='ocrx_word' id='word_1_147' title='bbox 751 1625 762 1644; x_wconf 81' lang='grc'><em>,</em></span> <span class='ocrx_word' id='word_1_148' title='bbox 784 1588 857 1633; x_wconf 89' lang='lat' dir='ltr'>sed</span> <span class='ocrx_word' id='word_1_149' title='bbox 875 1605 961 1633; x_wconf 87' lang='lat' dir='ltr'>esse</span> <span class='ocrx_word' id='word_1_150' title='bbox 980 1605 1067 1634; x_wconf 89' lang='lat' dir='ltr'>non</span> <span class='ocrx_word' id='word_1_151' title='bbox 1081 1599 1240 1634; x_wconf 88' lang='lat' dir='ltr'>amant.</span> <span class='ocrx_word' id='word_1_152' title='bbox 1267 1589 1363 1634; x_wconf 63' lang='lat' dir='ltr'>Non</span> <span class='ocrx_word' id='word_1_153' title='bbox 1381 1588 1512 1648; x_wconf 87' lang='lat' dir='ltr'>igitur</span> <span class='ocrx_word' id='word_1_154' title='bbox 1529 1587 1678 1648; x_wconf 86' lang='lat' dir='ltr'>dedig-</span> 
     </span>
     <span class='ocr_line' id='line_1_20' title="bbox 314 1657 1678 1722; baseline 0 -18"><span class='ocrx_word' id='word_1_155' title='bbox 314 1667 488 1704; x_wconf 79' lang='lat' dir='ltr'>naretur</span> <span class='ocrx_word' id='word_1_156' title='bbox 512 1658 744 1720; x_wconf 85' lang='lat' dir='ltr'>Apostolus</span> <span class='ocrx_word' id='word_1_157' title='bbox 761 1659 846 1704; x_wconf 75' lang='lat' dir='ltr'>sive</span> <span class='ocrx_word' id='word_1_158' title='bbox 864 1659 1133 1703; x_wconf 85' lang='lat' dir='ltr'>rusticanum</span> <span class='ocrx_word' id='word_1_159' title='bbox 1159 1675 1269 1721; x_wconf 88' lang='lat' dir='ltr'>opus</span> <span class='ocrx_word' id='word_1_160' title='bbox 1293 1657 1470 1722; x_wconf 87' lang='lat' dir='ltr'>aliquod</span> <span class='ocrx_word' id='word_1_161' title='bbox 1490 1658 1678 1718; x_wconf 83' lang='lat' dir='ltr'>aggredi,</span> 
     </span>
     <span class='ocr_line' id='line_1_21' title="bbox 314 1726 1682 1791; baseline 0.002 -20"><span class='ocrx_word' id='word_1_162' title='bbox 314 1726 399 1772; x_wconf 88' lang='lat' dir='ltr'>sive</span> <span class='ocrx_word' id='word_1_163' title='bbox 438 1727 480 1772; x_wconf 90' lang='lat' dir='ltr'>in</span> <span class='ocrx_word' id='word_1_164' title='bbox 523 1728 733 1791; x_wconf 86' lang='lat' dir='ltr'>opificum</span> <span class='ocrx_word' id='word_1_165' title='bbox 764 1728 912 1775; x_wconf 87' lang='lat' dir='ltr'>labore</span> <span class='ocrx_word' id='word_1_166' title='bbox 945 1728 1118 1775; x_wconf 88' lang='lat' dir='ltr'>versari.</span> <span class='ocrx_word' id='word_1_167' title='bbox 1156 1729 1244 1786; x_wconf 86' lang='lat' dir='ltr'>Qui</span> <span class='ocrx_word' id='word_1_168' title='bbox 1274 1729 1389 1781; x_wconf 83' lang='lat' dir='ltr'>enim</span> <span class='ocrx_word' id='word_1_169' title='bbox 1427 1729 1485 1776; x_wconf 87' lang='lat' dir='ltr'>ait</span> <span class='ocrx_word' id='word_1_170' title='bbox 1506 1747 1516 1781; x_wconf 73' lang='grc' dir='ltr'><strong>ς</strong></span> <span class='ocrx_word' id='word_1_171' title='bbox 1541 1728 1682 1774; x_wconf 88' lang='lat' dir='ltr'>«Sine</span> 
     </span>
     <span class='ocr_line' id='line_1_22' title="bbox 314 1798 1680 1857; baseline 0.001 -15"><span class='ocrx_word' id='word_1_172' title='bbox 314 1818 335 1838; x_wconf 69' lang='lat'>&gt;³</span> <span class='ocrx_word' id='word_1_173' title='bbox 358 1798 590 1857; x_wconf 83' lang='lat' dir='ltr'>offensione</span> <span class='ocrx_word' id='word_1_174' title='bbox 622 1810 752 1844; x_wconf 86' lang='lat' dir='ltr'>estote</span> <span class='ocrx_word' id='word_1_175' title='bbox 792 1801 817 1844; x_wconf 86' lang='lat' dir='ltr'><strong>J</strong></span> <span class='ocrx_word' id='word_1_176' title='bbox 823 1799 957 1845; x_wconf 73' lang='lat' dir='ltr'>udaeis</span> <span class='ocrx_word' id='word_1_177' title='bbox 976 1810 1017 1844; x_wconf 88' lang='lat' dir='ltr'>et</span> <span class='ocrx_word' id='word_1_178' title='bbox 1036 1800 1200 1854; x_wconf 77' lang='lat' dir='ltr'>Graecis</span> <span class='ocrx_word' id='word_1_179' title='bbox 1218 1810 1260 1845; x_wconf 87' lang='lat' dir='ltr'>et</span> <span class='ocrx_word' id='word_1_180' title='bbox 1279 1799 1482 1846; x_wconf 83' lang='lat' dir='ltr'>Ecclesiae</span> <span class='ocrx_word' id='word_1_181' title='bbox 1502 1800 1636 1856; x_wconf 58' lang='grc' dir='ltr'>ΒΘΗ,</span> <span class='ocrx_word' id='word_1_182' title='bbox 1661 1823 1680 1843; x_wconf 86' lang='grc'><em>»</em></span> 
     </span>
     <span class='ocr_line' id='line_1_23' title="bbox 315 1868 1683 1932; baseline 0.002 -20"><span class='ocrx_word' id='word_1_183' title='bbox 315 1885 423 1931; x_wconf 85' lang='lat' dir='ltr'>quos</span> <span class='ocrx_word' id='word_1_184' title='bbox 437 1868 481 1913; x_wconf 89' lang='lat' dir='ltr'>in</span> <span class='ocrx_word' id='word_1_185' title='bbox 499 1869 584 1914; x_wconf 86' lang='lat' dir='ltr'>hac</span> <span class='ocrx_word' id='word_1_186' title='bbox 604 1886 730 1915; x_wconf 88' lang='lat' dir='ltr'>causa</span> <span class='ocrx_word' id='word_1_187' title='bbox 753 1869 936 1914; x_wconf 77' lang='lat' dir='ltr'>revereri</span> <span class='ocrx_word' id='word_1_188' title='bbox 955 1881 1096 1932; x_wconf 88' lang='lat' dir='ltr'>posset</span> <span class='ocrx_word' id='word_1_189' title='bbox 1114 1870 1280 1929; x_wconf 83' lang='lat' dir='ltr'>ignoro.</span> <span class='ocrx_word' id='word_1_190' title='bbox 1308 1870 1354 1915; x_wconf 83' lang='lat' dir='ltr'>Si</span> <span class='ocrx_word' id='word_1_191' title='bbox 1375 1871 1401 1915; x_wconf 87' lang='lat' dir='ltr'><strong>J</strong></span> <span class='ocrx_word' id='word_1_192' title='bbox 1407 1870 1552 1916; x_wconf 86' lang='lat' dir='ltr'>udaeos</span> <span class='ocrx_word' id='word_1_193' title='bbox 1569 1870 1683 1917; x_wconf 76' lang='lat' dir='ltr'>dixe·</span> 
     </span>
     <span class='ocr_line' id='line_1_24' title="bbox 314 1939 1680 2003; baseline 0.002 -20"><span class='ocrx_word' id='word_1_194' title='bbox 314 1939 424 1993; x_wconf 81' lang='lat' dir='ltr'>rint3</span> <span class='ocrx_word' id='word_1_195' title='bbox 439 1940 707 1985; x_wconf 84' lang='lat' dir='ltr'>Patriarchae</span> <span class='ocrx_word' id='word_1_196' title='bbox 724 1957 880 2003; x_wconf 87' lang='lat' dir='ltr'>pecora</span> <span class='ocrx_word' id='word_1_197' title='bbox 896 1951 1110 2003; x_wconf 84' lang='lat' dir='ltr'>paverunt</span> <span class='ocrx_word' id='word_1_198' title='bbox 1129 1958 1140 1986; x_wconf 75' lang='grc' dir='ltr'>ι</span> <span class='ocrx_word' id='word_1_199' title='bbox 1163 1941 1197 1986; x_wconf 92' lang='lat' dir='ltr'>si</span> <span class='ocrx_word' id='word_1_200' title='bbox 1213 1942 1409 1996; x_wconf 75' lang='lat' dir='ltr'>GraeCOS‚</span> <span class='ocrx_word' id='word_1_201' title='bbox 1433 1957 1542 2003; x_wconf 90' lang='lat' dir='ltr'>quos</span> <span class='ocrx_word' id='word_1_202' title='bbox 1552 1942 1680 1987; x_wconf 85' lang='lat' dir='ltr'>etiam</span> 
     </span>
     <span class='ocr_line' id='line_1_25' title="bbox 313 2009 1681 2073; baseline 0.001 -19"><span class='ocrx_word' id='word_1_203' title='bbox 313 2010 508 2069; x_wconf 85' lang='lat' dir='ltr'>Paganos</span> <span class='ocrx_word' id='word_1_204' title='bbox 530 2009 741 2062; x_wconf 80' lang='lat' dir='ltr'>dicimus3</span> <span class='ocrx_word' id='word_1_205' title='bbox 769 2010 895 2055; x_wconf 88' lang='lat' dir='ltr'>etiam</span> <span class='ocrx_word' id='word_1_206' title='bbox 918 2010 1208 2073; x_wconf 84' lang='lat' dir='ltr'>philosophos</span> <span class='ocrx_word' id='word_1_207' title='bbox 1231 2009 1419 2056; x_wconf 89' lang='lat' dir='ltr'>multum</span> <span class='ocrx_word' id='word_1_208' title='bbox 1443 2011 1525 2057; x_wconf 88' lang='lat' dir='ltr'>sibi</span> <span class='ocrx_word' id='word_1_209' title='bbox 1538 2011 1681 2056; x_wconf 82' lang='lat' dir='ltr'>liono-</span> 
     </span>
     <span class='ocr_line' id='line_1_26' title="bbox 313 2080 1682 2135; baseline 0.001 -11"><span class='ocrx_word' id='word_1_210' title='bbox 313 2080 470 2125; x_wconf 85' lang='lat' dir='ltr'>rabiles</span> <span class='ocrx_word' id='word_1_211' title='bbox 493 2091 654 2125; x_wconf 88' lang='lat' dir='ltr'>sutores</span> <span class='ocrx_word' id='word_1_212' title='bbox 672 2080 922 2125; x_wconf 85' lang='lat' dir='ltr'>habuerunt</span> <span class='ocrx_word' id='word_1_213' title='bbox 951 2098 961 2124; x_wconf 73' lang='grc' dir='ltr'>ε</span> <span class='ocrx_word' id='word_1_214' title='bbox 988 2081 1022 2125; x_wconf 88' lang='lat' dir='ltr'>si</span> <span class='ocrx_word' id='word_1_215' title='bbox 1048 2080 1283 2126; x_wconf 86' lang='lat' dir='ltr'>Ecclesiam</span> <span class='ocrx_word' id='word_1_216' title='bbox 1313 2080 1417 2135; x_wconf 82' lang='lat' dir='ltr'>Dei3</span> <span class='ocrx_word' id='word_1_217' title='bbox 1444 2080 1578 2126; x_wconf 79' lang='lat' dir='ltr'>honio</span> <span class='ocrx_word' id='word_1_218' title='bbox 1610 2081 1682 2129; x_wconf 87' lang='lat' dir='ltr'>ille</span> 
     </span>
     <span class='ocr_line' id='line_1_27' title="bbox 308 2144 1682 2214; baseline 0.002 -19"><span class='ocrx_word' id='word_1_219' title='bbox 308 2153 449 2209; x_wconf 89' lang='lat' dir='ltr'>justus</span> <span class='ocrx_word' id='word_1_220' title='bbox 471 2162 512 2196; x_wconf 88' lang='lat' dir='ltr'>et</span> <span class='ocrx_word' id='word_1_221' title='bbox 526 2151 579 2196; x_wconf 88' lang='lat' dir='ltr'>ad</span> <span class='ocrx_word' id='word_1_222' title='bbox 594 2151 885 2196; x_wconf 85' lang='lat' dir='ltr'>testimonium</span> <span class='ocrx_word' id='word_1_223' title='bbox 906 2151 1143 2210; x_wconf 81' lang='lat' dir='ltr'>conjugalis</span> <span class='ocrx_word' id='word_1_224' title='bbox 1168 2168 1335 2214; x_wconf 84' lang='lat' dir='ltr'>semper</span> <span class='ocrx_word' id='word_1_225' title='bbox 1360 2168 1575 2197; x_wconf 78' lang='lat' dir='ltr'>mansurae</span> <span class='ocrx_word' id='word_1_226' title='bbox 1589 2144 1682 2198; x_wconf 81' lang='lat' dir='ltr'>vir-</span> 
     </span>
     <span class='ocr_line' id='line_1_28' title="bbox 315 2220 1681 2286; baseline 0.002 -20"><span class='ocrx_word' id='word_1_227' title='bbox 315 2220 502 2281; x_wconf 84' lang='lat' dir='ltr'>ginitatis</span> <span class='ocrx_word' id='word_1_228' title='bbox 533 2221 691 2277; x_wconf 85' lang='lat' dir='ltr'>electus</span> <span class='ocrx_word' id='word_1_229' title='bbox 710 2259 720 2277; x_wconf 80' lang='lat'>‚</span> <span class='ocrx_word' id='word_1_230' title='bbox 765 2222 836 2267; x_wconf 88' lang='lat' dir='ltr'>cui</span> <span class='ocrx_word' id='word_1_231' title='bbox 871 2222 1125 2285; x_wconf 86' lang='lat' dir='ltr'>desponsata</span> <span class='ocrx_word' id='word_1_232' title='bbox 1144 2232 1235 2267; x_wconf 85' lang='lat' dir='ltr'>erat</span> <span class='ocrx_word' id='word_1_233' title='bbox 1251 2223 1372 2282; x_wconf 83' lang='lat' dir='ltr'>virgo</span> <span class='ocrx_word' id='word_1_234' title='bbox 1397 2223 1556 2279; x_wconf 85' lang='lat' dir='ltr'>Maria,</span> <span class='ocrx_word' id='word_1_235' title='bbox 1582 2240 1681 2286; x_wconf 85' lang='lat' dir='ltr'>quae</span> 
     </span>
     <span class='ocr_line' id='line_1_29' title="bbox 314 2291 1682 2355; baseline 0.001 -19"><span class='ocrx_word' id='word_1_236' title='bbox 314 2292 486 2355; x_wconf 89' lang='lat' dir='ltr'>peperit</span> <span class='ocrx_word' id='word_1_237' title='bbox 509 2291 758 2348; x_wconf 69' lang='lat' dir='ltr'>Christum,</span> <span class='ocrx_word' id='word_1_238' title='bbox 784 2291 907 2336; x_wconf 85' lang='lat' dir='ltr'>faber</span> <span class='ocrx_word' id='word_1_239' title='bbox 929 2292 1013 2338; x_wconf 85' lang='lat' dir='ltr'>fuit</span> <span class='ocrx_word' id='word_1_240' title='bbox 1039 2293 1071 2339; x_wconf 71' lang='lat'>2.</span> <span class='ocrx_word' id='word_1_241' title='bbox 1118 2292 1347 2355; x_wconf 84' lang='lat' dir='ltr'>Quidquid</span> <span class='ocrx_word' id='word_1_242' title='bbox 1384 2309 1483 2352; x_wconf 87' lang='lat' dir='ltr'>ergo</span> <span class='ocrx_word' id='word_1_243' title='bbox 1521 2293 1682 2338; x_wconf 87' lang='lat' dir='ltr'>horum</span> 
     </span>
     <span class='ocr_line' id='line_1_30' title="bbox 313 2361 1681 2426; baseline 0.001 -19"><span class='ocrx_word' id='word_1_244' title='bbox 313 2380 413 2408; x_wconf 89' lang='lat' dir='ltr'>cum</span> <span class='ocrx_word' id='word_1_245' title='bbox 428 2363 677 2415; x_wconf 86' lang='lat' dir='ltr'>innocentia</span> <span class='ocrx_word' id='word_1_246' title='bbox 697 2373 738 2408; x_wconf 86' lang='lat' dir='ltr'>et</span> <span class='ocrx_word' id='word_1_247' title='bbox 749 2364 836 2408; x_wconf 89' lang='lat' dir='ltr'>sine</span> <span class='ocrx_word' id='word_1_248' title='bbox 856 2361 1008 2408; x_wconf 82' lang='lat' dir='ltr'>fraude</span> <span class='ocrx_word' id='word_1_249' title='bbox 1027 2363 1224 2409; x_wconf 89' lang='lat' dir='ltr'>homines</span> <span class='ocrx_word' id='word_1_250' title='bbox 1243 2373 1495 2426; x_wconf 86' lang='lat' dir='ltr'>operantur,</span> <span class='ocrx_word' id='word_1_251' title='bbox 1516 2364 1681 2409; x_wconf 88' lang='lat' dir='ltr'>bonum</span> 
     </span>
     <span class='ocr_line' id='line_1_31' title="bbox 314 2433 1680 2497; baseline 0.002 -20"><span class='ocrx_word' id='word_1_252' title='bbox 314 2442 389 2478; x_wconf 76' lang='lat' dir='ltr'>est,</span> <span class='ocrx_word' id='word_1_253' title='bbox 422 2433 530 2478; x_wconf 88' lang='lat' dir='ltr'>Nam</span> <span class='ocrx_word' id='word_1_254' title='bbox 554 2443 771 2495; x_wconf 81' lang='lat' dir='ltr'>praecavet</span> <span class='ocrx_word' id='word_1_255' title='bbox 797 2433 882 2478; x_wconf 81' lang='lat' dir='ltr'>lioc</span> <span class='ocrx_word' id='word_1_256' title='bbox 907 2443 948 2478; x_wconf 85' lang='lat' dir='ltr'>et</span> <span class='ocrx_word' id='word_1_257' title='bbox 975 2434 1066 2496; x_wconf 89' lang='lat' dir='ltr'>ipse</span> <span class='ocrx_word' id='word_1_258' title='bbox 1093 2434 1346 2496; x_wconf 83' lang='lat' dir='ltr'>Apostolus,</span> <span class='ocrx_word' id='word_1_259' title='bbox 1373 2451 1425 2478; x_wconf 89' lang='lat' dir='ltr'>ne</span> <span class='ocrx_word' id='word_1_260' title='bbox 1449 2433 1680 2497; x_wconf 85' lang='lat' dir='ltr'>quisquam</span> 
     </span>
     <span class='ocr_line' id='line_1_32' title="bbox 311 2503 1681 2571; baseline 0 -22"><span class='ocrx_word' id='word_1_261' title='bbox 311 2520 359 2549; x_wconf 83' lang='lat' dir='ltr'>ex</span> <span class='ocrx_word' id='word_1_262' title='bbox 395 2504 642 2550; x_wconf 83' lang='lat' dir='ltr'>necessitate</span> <span class='ocrx_word' id='word_1_263' title='bbox 673 2504 965 2550; x_wconf 74' lang='lat' dir='ltr'>sustentandae</span> <span class='ocrx_word' id='word_1_264' title='bbox 992 2505 1094 2550; x_wconf 72' lang='lat' dir='ltr'>vitae</span> <span class='ocrx_word' id='word_1_265' title='bbox 1123 2505 1168 2550; x_wconf 85' lang='lat' dir='ltr'>in</span> <span class='ocrx_word' id='word_1_266' title='bbox 1207 2503 1319 2549; x_wconf 89' lang='lat' dir='ltr'>mala</span> <span class='ocrx_word' id='word_1_267' title='bbox 1353 2521 1484 2571; x_wconf 86' lang='lat' dir='ltr'>opera</span> <span class='ocrx_word' id='word_1_268' title='bbox 1509 2503 1681 2550; x_wconf 85' lang='lat' dir='ltr'>dilaba-</span> 
     </span>
     <span class='ocr_line' id='line_1_33' title="bbox 314 2574 1680 2639; baseline 0.001 -19"><span class='ocrx_word' id='word_1_269' title='bbox 314 2586 398 2621; x_wconf 90' lang='lat' dir='ltr'>tur.</span> <span class='ocrx_word' id='word_1_270' title='bbox 437 2596 457 2617; x_wconf 72' lang='grc' dir='ltr'>ι(</span> <span class='ocrx_word' id='word_1_271' title='bbox 483 2575 570 2632; x_wconf 87' lang='lat' dir='ltr'>Qui</span> <span class='ocrx_word' id='word_1_272' title='bbox 599 2574 859 2639; x_wconf 72' lang='lat' dir='ltr'>furabatur,</span> <span class='ocrx_word' id='word_1_273' title='bbox 891 2576 1059 2639; x_wconf 83' lang='lat' dir='ltr'>inquit,</span> <span class='ocrx_word' id='word_1_274' title='bbox 1083 2579 1172 2636; x_wconf 87' lang='lat' dir='ltr'>jam</span> <span class='ocrx_word' id='word_1_275' title='bbox 1199 2593 1286 2622; x_wconf 88' lang='lat' dir='ltr'>non</span> <span class='ocrx_word' id='word_1_276' title='bbox 1315 2575 1510 2622; x_wconf 82' lang='lat' dir='ltr'>furetur:</span> <span class='ocrx_word' id='word_1_277' title='bbox 1537 2576 1680 2636; x_wconf 85' lang='lat' dir='ltr'>magis</span> 
     </span>
    </p>
   </div>
   <div class='ocr_carea' id='block_1_2' title="bbox 359 2657 1050 2697">
    <p class='ocr_par' dir='ltr' id='par_1_3' title="bbox 359 2657 1050 2697">
     <span class='ocr_line' id='line_1_34' title="bbox 359 2657 1050 2697; baseline 0.003 -9"><span class='ocrx_word' id='word_1_278' title='bbox 359 2657 368 2679; x_wconf 87' lang='lat'><strong>¹</strong></span> <span class='ocrx_word' id='word_1_279' title='bbox 395 2669 406 2688; x_wconf 88' lang='lat'>1</span> <span class='ocrx_word' id='word_1_280' title='bbox 427 2659 499 2689; x_wconf 86' lang='lat' dir='ltr'>Cor.</span> <span class='ocrx_word' id='word_1_281' title='bbox 526 2669 557 2695; x_wconf 78' lang='lat' dir='ltr'>x,</span> <span class='ocrx_word' id='word_1_282' title='bbox 581 2659 632 2690; x_wconf 83' lang='lat'>32.</span> <span class='ocrx_word' id='word_1_283' title='bbox 658 2676 694 2682; x_wconf 91' lang='lat'>—</span> <span class='ocrx_word' id='word_1_284' title='bbox 717 2657 866 2693; x_wconf 79' lang='lat' dir='ltr'>2Mauh.</span> <span class='ocrx_word' id='word_1_285' title='bbox 895 2670 969 2697; x_wconf 74' lang='lat' dir='ltr'>xus,</span> <span class='ocrx_word' id='word_1_286' title='bbox 996 2660 1050 2697; x_wconf 71' lang='lat'>55.</span> 
     </span>
    </p>
   </div>
  </div>
 </body>
</html>
