1758 3246
359 326 415 355 nn
452 325 574 354 Bono
611 324 883 364 vmmurrs,
924 325 1009 356 un.
1053 328 1083 357 1.
1336 313 1428 360 355

46 388 174 451 sapit.
205 387 394 435 Proinde
411 398 609 451 petamus
624 398 672 433 ut
693 387 790 443 det,
814 387 934 450 quod
952 400 1000 433 ut
1018 389 1260 437 habeamus
1278 393 1419 452 J'ubet.

47 458 116 505 Ad
128 458 217 503 hoc
234 458 347 503 enim
366 457 486 520 quod
510 456 706 502 nondum
729 456 944 502 hahemus
964 457 1093 516 jubet
1110 470 1159 504 ut
1172 459 1429 518 habeamus,

47 539 95 574 ut
120 528 352 574 admoneat
378 526 484 589 quid
510 537 738 590 petamus;
773 537 936 573 etcum
963 545 1040 573 nos
1071 528 1191 590 quod
1219 531 1394 588 jusserit
1414 569 1426 589 ,

44 615 168 661 posse
190 597 506 653 invenerimus,
537 597 667 642 etiam
689 597 775 642 hoc
804 597 919 642 unde
948 598 1244 660 acceperimus
1264 599 1430 646 intelli-

44 684 221 728 gamus;
247 684 300 712 ne
315 667 455 712 inflati
477 678 518 712 et
538 667 636 713 elati
656 668 791 726 hujus
808 667 963 713 mundi
984 668 1140 730 spiritu
1155 705 1167 723 ‚
1189 669 1431 716 nesciamus

42 754 142 800 quae
168 755 192 783 a
219 738 308 783 Deo
327 737 487 783 donata
510 748 613 783 sunt
635 738 776 784 nobis.
807 737 1000 783 Proinde
1019 738 1250 784 arbitrium
1273 738 1427 786 volun-

49 781 355 922 tatlilfiumanae
391 823 680 870 nequaquam
705 806 992 863 destruimus,
1018 807 1197 871 quando
1221 809 1301 854 Dei
1325 826 1427 869 gra-

42 877 100 924 tia
162 893 249 940 qua
269 877 415 939 ipsum
442 877 676 936 adjuvatur
693 878 953 934 arbitrium,
983 894 1072 923 non
1101 879 1306 941 superbia
1343 897 1424 925 ne-

39 963 189 1007 gamus
220 947 387 1007 ingrata
402 984 412 1002 ,
454 948 527 992 sed
568 959 696 1008 grata
731 946 877 1011 potius
910 949 1071 1012 pietate
1110 949 1417 1011 praedicamus.

42 1018 247 1063 Nostrum
269 1018 385 1063 enirn
404 1027 465 1062 est
487 1017 594 1063 Velie
630 1037 640 1063 :
663 1018 737 1064 sed
759 1018 963 1064 voluntas
984 1019 1080 1082 ipsa
1101 1029 1143 1064 et
1169 1019 1427 1066 admonetur

40 1097 89 1132 ut
110 1098 283 1148 surgat,
310 1099 352 1133 et
375 1098 557 1133 sanatur
585 1099 632 1133 ut
658 1088 826 1144 valeat,
850 1100 892 1134 et
917 1088 1126 1134 dilatatur
1163 1100 1210 1135 ut
1248 1091 1420 1154 capiat.

42 1167 84 1202 61
102 1157 310 1220 impletur
331 1167 380 1202 ut
400 1158 516 1202 habe
526 1169 584 1204 at.
614 1158 726 1202 Nam
748 1158 783 1202 si
802 1175 879 1203 nos
900 1175 989 1203 non
1007 1158 1214 1204 vellemus
1227 1196 1239 1215 ‚
1259 1177 1339 1205 nec
1352 1177 1430 1207 1105

41 1226 191 1289 utique
215 1227 508 1289 acciperemus
530 1243 579 1271 ea
601 1243 702 1288 quae
719 1226 882 1271 dantur
898 1263 909 1281 ,
944 1243 1024 1271 1166
1047 1243 1125 1271 1105
1147 1227 1421 1276 haberemus.

43 1295 151 1352 Quis
168 1296 284 1340 enim
305 1295 488 1340 haberet
502 1295 839 1351 continentiam,
859 1305 908 1340 ut
921 1295 1035 1340 inter
1049 1306 1206 1341 caetera
1223 1298 1304 1343 Dei
1315 1298 1431 1344 dona

41 1366 180 1429 ipsam
196 1365 344 1428 potius
369 1364 544 1427 loquar,
571 1364 625 1410 de
650 1381 738 1428 qua
757 1364 812 1410 ad
826 1376 865 1411 te
877 1365 1063 1428 loquor:
1083 1367 1180 1428 quis
1195 1403 1206 1423 ‚
1226 1368 1425 1432 inquam,

42 1436 223 1482 haberet
242 1436 555 1481 continentiam
573 1436 657 1480 nisi
681 1435 851 1482 volens.
841 1438 860 1472 ἶ)
880 1436 983 1498 quia
1005 1446 1046 1481 et
1063 1453 1191 1482 nemo
1211 1439 1428 1502 acciperet

42 1506 123 1552 nisi
145 1505 305 1553 volens.
338 1506 423 1551 Sed
451 1524 474 1550 a
493 1522 580 1568 quo
603 1505 753 1561 detur,
782 1516 831 1550 ut
863 1516 1006 1551 nostra
1036 1506 1260 1552 voluntate
1283 1510 1425 1585 accipi

43 1587 85 1622 et
119 1576 274 1622 haberi
309 1576 472 1639 possit,
499 1576 533 1620 si
557 1575 717 1638 quaeris
731 1612 741 1631 ‚
783 1574 956 1620 attende
990 1574 1310 1655 Scripturam:
1338 1578 1427 1625 imo

44 1648 149 1711 quia
172 1647 314 1702 nosti,
340 1645 481 1692 recole
505 1646 623 1709 quod
648 1646 787 1705 legisti
823 1664 833 1690 ε
870 1666 891 1688 «
910 1647 1026 1691 Cum
1045 1646 1223 1704 scirem,
1250 1648 1425 1711 inquit,

46 1739 68 1761 >2
87 1717 190 1780 quia
210 1732 336 1762 nemo
367 1733 452 1761 esse
469 1726 611 1778 potest
630 1715 858 1761 6001106115
886 1715 968 1760 nisi
995 1717 1109 1761 Deus
1132 1716 1206 1762 det
1224 1755 1237 1774 ,
1262 1728 1304 1763 61
1335 1719 1424 1766 1106

0 1786 1 1804 ³
46 1810 66 1831 >2
91 1789 237 1850 ipsum
261 1797 352 1831 erat
371 1786 594 1849 sapientiae
610 1821 622 1841 ‚
647 1787 753 1831 scire
779 1790 904 1845 cujus
922 1796 1028 1831 esset
1049 1786 1136 1832 hoc
1159 1787 1326 1834 donum
1342 1789 1376 1837 1.
1404 1812 1425 1833 »

49 1860 205 1917 Magna
226 1857 306 1901 ista
328 1867 426 1901 sunt
451 1855 539 1901 duo
574 1872 754 1901 munera
774 1893 785 1911 ‚
823 1855 1032 1918 sapientia
1059 1867 1101 1901 et
1124 1859 1390 1906 continentia
1411 1881 1422 1915 ;

45 1927 254 1991 sapientia
274 1926 438 1972 56111661
460 1942 546 1987 qua
574 1926 619 1970 in
644 1926 725 1970 Dei
750 1926 997 1985 cognitione
1022 1925 1280 1984 formamur,
1309 1947 1419 1976 con—

46 1999 225 2045 tinentia
244 2015 346 2045 vero
371 2014 457 2061 qua
480 1997 587 2042 11016
607 1996 766 2042 saeeulo
793 2013 882 2041 11011
906 1996 1243 2045 conformamur.
1287 2000 1313 2044 J
1319 2001 1422 2048 ubet

47 2081 190 2117 autem
214 2068 340 2115 nobis
365 2069 482 2113 Deus
503 2105 513 2123 ‚
537 2078 586 2112 ut
611 2077 652 2111 et
672 2067 885 2129 sapientes
903 2077 945 2112 et
962 2067 1229 2114 continentes
1248 2070 1382 2118 simus
1405 2111 1417 2130 ,

46 2143 134 2188 sine
159 2141 321 2204 quibus
335 2139 462 2185 bonis
473 2139 580 2198 justi
595 2138 863 2201 perfectique
877 2154 961 2183 esse
978 2154 1066 2182 non
1078 2155 1319 2201 possumus.
1336 2145 1423 2192 Sed

47 2229 218 2258 oremus
241 2223 292 2257 ut
312 2211 387 2257 det
403 2209 523 2273 quod
543 2208 672 2267 jubet
708 2207 957 2267 adjuvando
981 2218 1023 2253 et
1037 2208 1314 2272 inspirando
1343 2217 1417 2279 qui

47 2283 319 2329 commonuit
333 2281 442 2345 quid
461 2279 569 2326 velle
578 2278 811 2324 debeamus
827 2279 1126 2342 praecipiendo
1145 2292 1186 2327 et
1200 2288 1415 2335 vocando.

35 2353 281 2416 >Quidquid
303 2353 410 2398 hinc
428 2351 580 2406 dedit,
608 2360 657 2394 ut
680 2360 903 2394 conservet
926 2366 1117 2396 oremus·
1106 2355 1258 2415 ,quod
1275 2368 1416 2403 autem

32 2423 246 2468 -nondum
266 2423 414 2477 dedit,
453 2432 501 2466 ut
530 2387 730 2483 slippleat
761 2436 930 2464 oremus
957 2438 967 2464 :
996 2431 1140 2467 tamen
1180 2441 1349 2472 oremus
1377 2440 1422 2475 61.

32 2494 208 2553 -gratias
231 2510 407 2553 agamus
429 2492 482 2537 de
505 2491 693 2553 acceptis
710 2510 721 2543 ;
741 2501 782 2535 et
805 2490 926 2552 quod
941 2492 1138 2537 nondum
1152 2498 1418 2559 accepimUS,

52 2578 102 2608 eo
121 2563 216 2626 ipso
234 2562 355 2626 quod
371 2562 425 2607 de
449 2561 638 2623 acceptis
667 2560 824 2620 ingrati
847 2577 936 2606 non
959 2577 1106 2606 sumus
1122 2599 1132 2612 ,
1161 2581 1239 2610 nos
1261 2584 1421 2633 accep-

102 2646 112 2668 ¹
131 2648 201 2689 Sap.
222 2657 297 2687 viu,
318 2657 371 2676 21.

1220 2704 1292 2746 23.
