1758 3246
496 262 549 290 DE
586 260 835 301 mammete,
873 261 958 290 mn.
1002 262 1032 291 1.
1346 251 1439 313 [140

77 324 282 388 quaelibet
301 323 474 370 ferenda
497 335 724 380 tormenta,
742 324 808 370 vel
827 325 952 369 etiam
972 335 1151 370 mortem
1171 326 1436 385 obeundam,

78 412 132 440 ne
152 411 352 458 peccem:
376 411 476 439 cum
512 405 654 439 autem
684 405 911 458 peccatum
934 411 1021 438 non
1051 395 1105 439 sit
1124 433 1133 451 ,
1161 396 1218 440 ita
1239 398 1440 456 mentiri,

81 476 130 511 ut
150 482 288 528 neque
304 465 508 527 cuiquam
531 465 667 519 obsis,
702 482 838 528 neque
869 464 1022 509 falsum
1062 465 1350 512 testimonium
1371 468 1444 514 di-

81 552 150 581 cas
172 545 214 579 et
230 534 368 597 prosis
397 533 548 579 alicui:
582 534 761 579 stultum
781 545 842 579 est
869 544 910 578 et
939 551 1065 592 grave
1089 546 1315 596 peccatum
1331 574 1341 591 ,
1362 555 1444 584 vo-

81 606 266 651 luntaria
299 605 457 651 frustra
498 606 701 650 sustinere
728 614 961 657 tormenta,
1007 614 1046 648 et
1082 604 1269 650 fortassis
1299 608 1448 655 utilem

82 676 263 722 salutem
293 693 342 720 ac
361 676 497 720 vitam
518 675 731 720 incassum
753 674 1032 719 saevicntibus
1049 674 1274 737 projicere.
1303 678 1338 721 A
1360 694 1446 740 quo

83 763 256 808 quaero,
276 763 354 791 cur
373 746 520 790 timeat
543 745 661 808 quod
679 745 891 807 scriptum
909 754 969 788 est
988 761 998 788 :
1023 766 1041 784 α
1069 744 1239 790 Falsum
1261 748 1450 793 testimo-

83 818 245 863 »nium
271 834 358 862 non
393 816 508 862 dices
532 816 546 845 1
566 837 576 871 ;
600 840 619 859 ›>
657 827 698 862 et
719 832 808 861 non
837 816 984 861 timeat
1007 816 1126 878 quod
1150 816 1240 862 Deo
1279 817 1448 865 dictum

81 898 170 932 est:
194 908 214 928 α
233 887 391 932 Perdes
415 903 560 932 omnes
575 887 651 949 qui
669 887 910 948 loquuntur
927 885 1204 931 mendacium
1222 887 1238 914 2
1253 890 1271 932 3³
1287 909 1306 929 »
1326 889 1442 945 Non,

79 957 239 1019 inquit,
263 958 475 1019 scriptum
496 968 582 1002 est:
611 978 631 998 ‹<
654 957 796 1002 Omne
819 955 1116 1001 mendacium:
1136 978 1156 997 »
1180 957 1253 1002 sed
1289 959 1349 1003 ita
1375 959 1448 1004 in-

82 1026 225 1086 telligo
243 1064 253 1081 ‚
274 1044 323 1071 ac
345 1027 379 1071 si
399 1028 451 1072 sit
476 1028 685 1089 scriptum
708 1044 719 1070 :
748 1047 768 1066 f<
796 1025 954 1070 Perdes
990 1043 1136 1070 omues
1154 1027 1229 1089 qui
1255 1026 1450 1090 loquun-

82 1117 104 1137 ›>
119 1106 188 1141 tur
201 1095 358 1141 falsum
374 1096 681 1141 testimonium.
703 1117 723 1136 n
742 1097 795 1140 At
814 1112 891 1140 nec
905 1095 967 1140 ibi
985 1095 1151 1141 dictum
1170 1107 1230 1141 est
1247 1114 1256 1141 z
1277 1120 1295 1137 α
1311 1099 1454 1144 Omne

81 1186 102 1206 »
121 1164 274 1211 falsum
294 1166 602 1211 testimonium.
625 1187 645 1206 n
676 1164 762 1209 Sed
783 1165 846 1209 ihi
869 1165 1060 1226 positum
1084 1176 1162 1221 est,
1184 1166 1344 1228 inquit,
1375 1168 1454 1213 ubi

81 1245 236 1279 caetera
268 1251 367 1297 quae
392 1236 510 1279 omni
545 1234 674 1278 modo
715 1233 826 1278 mala
849 1244 962 1278 sunt.
1000 1234 1228 1296 Numquid
1264 1246 1305 1279 et
1338 1235 1449 1281 illud

80 1303 285 1366 quodibi
321 1315 411 1349 est:
434 1327 454 1346 α
484 1305 581 1348 {Non
625 1303 794 1348 occides
818 1303 860 1347 ³?
884 1324 905 1344 »
933 1303 1065 1359 Quod
1096 1304 1130 1348 si
1153 1305 1273 1349 omni
1318 1305 1450 1351 modo

80 1373 244 1419 malum
269 1384 347 1430 est,
370 1373 591 1436 quomodo
613 1373 668 1418 ab
686 1373 774 1417 hoc
792 1372 971 1417 crimine
991 1374 1308 1419 excusabuntur
1326 1376 1450 1434 justi,

81 1444 156 1506 qui
175 1455 273 1507 post
291 1444 428 1504 legem
450 1444 598 1490 datam
616 1444 775 1488 multos
802 1443 1057 1488 oeciderunt
1074 1447 1092 1489 Ρ
1112 1444 1196 1489 Sed
1219 1445 1453 1508 responde-

81 1523 169 1569 tur,
191 1514 309 1576 quod
329 1531 416 1559 non
450 1514 541 1576 ipse
569 1512 762 1568 occidat,
801 1513 877 1574 qui
890 1513 997 1572 justi
1022 1513 1203 1573 alicujus
1236 1517 1450 1578 praecepti

79 1584 273 1628 minister
291 1595 364 1630 est.
397 1585 565 1629 Horum
585 1600 684 1642 ergo
710 1584 908 1627 timorem
929 1584 989 1628 sic
1017 1584 1184 1646 accipio
1199 1622 1208 1640 ‚
1234 1596 1283 1630 ut
1305 1597 1451 1631 tamen

79 1653 204 1699 illum
222 1654 487 1700 laudabilem
507 1655 648 1700 virum
668 1691 679 1709 ,
702 1654 873 1716 quince
890 1654 1061 1699 mentiri
1087 1655 1238 1711 voluit,
1256 1674 1334 1701 nee
1359 1656 1449 1701 ho-

81 1725 241 1771 minem
280 1723 464 1787 prodere
480 1761 491 1780 ‚
547 1735 588 1769 et
636 1723 788 1768 melius
830 1723 1013 1768 arbitrer
1054 1724 1302 1770 intellexisse
1326 1726 1447 1788 quod

81 1795 294 1857 seriptum
317 1805 379 1840 est
393 1831 404 1850 ,
425 1804 467 1840 et
478 1793 747 1839 intellectum
762 1793 930 1838 fortiter
947 1793 1202 1856 implevisse.

144 1865 304 1910 XXIV.
347 1863 431 1909 Sed
461 1864 632 1910 venitur
667 1863 899 1926 aliquando
921 1864 975 1909 ad
998 1864 1254 1924 hujusmodi
1278 1866 1445 1911 articu-

79 1935 169 1981 lum
185 1972 196 1992 ‚
221 1946 372 1980 utnon
397 1936 712 1994 interrogemur
744 1936 822 1980 ubi
844 1936 898 1980 sit
926 1935 995 1980 itle
1014 1937 1091 1998 qui
1114 1937 1343 1999 quaeritur,
1368 1954 1448 1982 ne-

82 2023 164 2069 que
183 2023 389 2066 cogamur
411 2016 459 2050 ut
480 2022 578 2051 eum
608 2006 844 2067 prodamus
860 2043 870 2062 ,
899 2007 1009 2051 sisic
1033 2007 1274 2052 occultatus
1292 2017 1372 2063 est,
1399 2018 1448 2053 ut

80 2076 261 2122 inveniri
278 2075 402 2122 facile
420 2077 501 2121 nisi
517 2075 717 2138 proditus
745 2088 929 2139 nequeat
952 2095 961 2121 ε
990 2077 1062 2122 sed
1088 2078 1302 2141 quaeritur
1322 2096 1345 2123 a
1364 2095 1448 2123 no-

80 2146 148 2191 bis
172 2157 318 2192 utrum
344 2146 419 2192 illo
444 2146 541 2191 loco
570 2146 648 2201 sit,
680 2164 822 2193 annon
846 2148 912 2194 sit.
955 2148 1042 2192 [hi
1063 2148 1097 2193 si
1119 2165 1219 2193 eum
1252 2165 1337 2193 esse
1360 2149 1447 2193 sci-

81 2232 194 2272 mus,
223 2215 404 2261 tacendo
423 2233 522 2261 eum
540 2216 797 2279 prodimus3
826 2218 894 2263 vel
918 2219 1046 2263 etiam
1071 2217 1256 2264 dicendo
1282 2235 1451 2281 nequa-

81 2303 211 2349 quam
238 2303 316 2331 nos
333 2303 418 2331 esse
431 2286 641 2343 dicturos,
666 2298 811 2333 utrum
829 2288 892 2334 ibi
918 2289 987 2344 sit,
1016 2306 1159 2334 annon
1185 2289 1238 2334 sit
1261 2306 1271 2333 z
1299 2306 1346 2333 ex
1364 2288 1450 2333 hoe

83 2356 195 2402 enim
214 2356 377 2416 colligit
392 2356 463 2401 ille
489 2357 565 2419 qui
583 2358 763 2419 quaerit,
802 2358 865 2403 ibi
910 2376 1008 2404 eum
1046 2377 1156 2414 esse,
1193 2359 1270 2404 ubi
1301 2359 1334 2403 si
1357 2375 1448 2403 11011

85 2438 207 2483 esset,
226 2427 339 2472 nihil
361 2427 479 2472 aliud
501 2428 556 2472 ab
585 2445 633 2472 eo
656 2429 731 2490 qui
756 2430 926 2475 mentiri
952 2430 1100 2484 nollet,
1131 2446 1206 2474 nec
1226 2429 1449 2474 hominem

82 2496 264 2559 prodere
283 2533 293 2553 ‚
320 2497 400 2542 nisi
432 2514 529 2543 eum
563 2515 651 2543 non
672 2499 737 2544 ibi
763 2515 847 2544 esse
874 2499 1218 2562 responderetur.
1267 2500 1335 2544 Ita
1374 2514 1453 2561 per

133 2579 141 2599 ¹
163 2577 263 2609 Exod.
291 2589 345 2615 xx,
371 2579 421 2610 16.
446 2598 483 2602 —-
506 2577 619 2612 2ΡεειΙ.
650 2591 678 2618 r,
707 2593 737 2619 ς.
760 2598 804 2605 —-·
821 2579 834 2602 3
857 2580 953 2613 ijo‘j.
977 2592 1028 2619 xz,
1054 2583 1104 2612 13.

237 2645 413 2676 cxxxm.
1283 2647 1339 2692 29
