1758 3246
331 331 423 387 524
757 347 791 377 s.
834 343 1073 376 mensum
1109 344 1310 377 El’lscol‘l

332 432 353 452 »
372 421 465 456 sunt
481 447 493 468 ,
539 409 821 475 praecipimus
867 422 910 456 et
956 410 1231 457 obsecramus
1277 412 1322 457 in
1361 411 1549 459 Domino
1592 412 1695 460 Jesu

332 501 352 522 n
375 481 575 538 Christo,
600 492 647 527 ut
673 498 773 527 eum
797 479 963 526 silentio
987 491 1212 542 operantes
1237 499 1394 544 panem
1415 499 1540 528 suum
1568 499 1695 528 man-

331 572 351 592 »
372 551 571 599 ducent‘l,
597 573 618 593 »
644 551 762 608 Quid
783 550 837 596 ad
853 551 951 596 heec
972 549 1058 595 dici
1078 561 1242 613 potest,
1262 552 1616 616 quandoquidem
1643 569 1696 598 ne

330 620 535 684 cuiquam
555 631 701 685 postca
725 620 872 666 liceret
895 620 981 665 hoc
999 636 1080 683 pro
1100 619 1320 666 voluntate
1339 658 1350 677 ,
1378 639 1464 667 non
1487 639 1568 685 pro
1593 622 1696 667 cha-

328 691 452 737 ritate
478 692 775 755 interpretari,
796 690 989 754 exemplo
1009 707 1086 735 suo
1110 689 1261 736 docuit
1278 692 1385 754 quid
1408 692 1695 756 praeceperit?

332 761 401 807 llli
425 762 535 807 enim
564 772 769 825 tauquam
795 760 1002 824 Apostolo
1025 760 1304 823 praedicatori
1333 760 1583 822 Evangelii,
1611 760 1698 806 mi-

328 831 395 877 liti
420 831 606 887 Christi,
630 831 864 894 plantatori
887 831 1025 877 vineae
1045 867 1055 886 ,
1081 831 1245 894 pastori
1264 832 1399 892 gregis
1416 832 1699 877 constituerat

332 901 544 947 Dominus
568 911 616 946 ut
647 900 699 946 de
725 900 956 960 Evangelio
979 900 1166 954 viveret3
1192 911 1234 946 et
1253 911 1395 947 tamen
1412 902 1504 965 ipse
1529 902 1698 965 stipen-

332 971 453 1016 dium
478 971 561 1016 sibi
593 970 792 1016 debitum
821 988 908 1016 non
931 970 1089 1031 exegit,
1126 981 1173 1016 ut
1205 988 1246 1016 se
1280 971 1461 1017 formam
1497 971 1618 1017 daret
1640 971 1699 1016 cis

332 1042 407 1105 qui
426 1041 586 1101 exigere
600 1041 795 1086 indebita
808 1041 1047 1104 cupiebant
1064 1058 1075 1086 ε
1093 1040 1203 1086 sicut
1218 1040 1271 1086 ad
1292 1041 1542 1086 Corinthios
1559 1040 1666 1086 dicit
1682 1057 1694 1084 ε

332 1134 351 1153 «
375 1113 483 1169 Quis
506 1112 661 1157 militat
688 1112 772 1156 suis
796 1111 1018 1175 stipendiis
1046 1115 1268 1174 unquam?
1308 1112 1415 1168 Quis
1438 1111 1609 1175 plantat
1629 1110 1700 1157 vi-

331 1204 351 1224 »
371 1201 495 1228 neam
511 1220 521 1238 ,
548 1193 588 1227 et
611 1182 664 1228 de
691 1181 837 1227 fructu
861 1185 950 1241 ejus
971 1199 1058 1226 non
1078 1181 1199 1228 edit?
1220 1182 1327 1238 Quis
1351 1182 1491 1246 pascit
1508 1198 1694 1242 gregem,

331 1274 352 1295 »
370 1264 412 1298 et
429 1252 480 1298 de
505 1252 615 1298 lacte
641 1252 777 1312 gregis
805 1269 893 1296 non
922 1250 1171 1315 percipit‘li)
1191 1273 1210 1292 >2
1240 1253 1350 1311 Ergo
1371 1251 1488 1315 quod
1514 1251 1597 1296 sibi
1619 1251 1699 1297 de-

330 1323 541 1378 bebatur,
565 1322 704 1368 noluit
728 1323 946 1384 accipere,
975 1332 1022 1367 ut
1046 1321 1238 1384 exemplo
1259 1327 1294 1381 ej
1304 1338 1349 1367 us
1371 1326 1695 1378 coercerentur,

333 1393 407 1457 qui
429 1394 511 1438 sibi
536 1410 623 1438 non
652 1393 710 1438 ita
739 1391 945 1437 ordinatis
977 1392 1022 1436 in
1055 1391 1245 1436 Ecclesia
1276 1391 1375 1436 talia
1407 1391 1556 1437 deberi
1579 1391 1700 1436 arbi-

330 1464 571 1509 trabantur.
604 1461 724 1518 Quid
746 1472 807 1506 est
825 1461 938 1505 enim
962 1460 1081 1524 quod
1103 1461 1161 1506 ait
1184 1478 1195 1505 z
1220 1482 1238 1502 α
1262 1462 1409 1524 Neque
1427 1478 1583 1524 panem
1606 1478 1700 1521 gra-

333 1555 352 1574 »
371 1534 422 1578 tis
441 1534 496 1578 ab
517 1533 662 1596 aliquo
685 1531 1059 1586 manducavimuS,
1081 1531 1153 1577 sed
1173 1532 1219 1577 in
1233 1531 1382 1578 labore
1400 1543 1441 1577 et
1455 1532 1700 1592 fatigatione

331 1624 351 1645 >)
371 1603 439 1648 die
464 1619 511 1648 ac
533 1613 658 1648 nocte
681 1612 928 1665 operantes,
956 1619 1009 1646 ne
1029 1618 1158 1666 quem
1184 1612 1373 1648 vestrum
1400 1619 1697 1661 gravaremus3

333 1694 353 1716 »
373 1692 458 1720 non
483 1674 585 1738 quia
615 1689 701 1718 non
732 1672 1013 1718 habuerimus
1036 1682 1287 1736 potestatem
1307 1709 1317 1728 ,
1349 1672 1421 1717 sed
1442 1682 1490 1718 ut
1511 1689 1587 1719 nos
1606 1672 1700 1718 for-

332 1762 484 1789 »mam
505 1743 704 1788 daremus
729 1742 853 1789 vobis
871 1779 882 1798 ,
910 1758 996 1805 qua
1027 1759 1104 1788 nos
1135 1742 1438 1789 imitaremini?
1457 1764 1478 1785 »
1513 1742 1702 1789 Audiant
1757 1780 1758 1793 ,

333 1832 431 1875 ergo
453 1814 612 1877 quibus
635 1813 721 1858 hoc
740 1814 974 1877 praecepit,
1002 1813 1048 1859 id
1073 1824 1134 1859 est
1149 1850 1160 1869 ,
1189 1813 1265 1878 qui
1288 1830 1373 1858 non
1394 1814 1561 1859 habent
1586 1813 1702 1859 hanc

330 1895 585 1949 potestatem
610 1900 740 1947 quam
762 1883 834 1929 ille
861 1883 1081 1940 habebat,
1103 1895 1151 1928 ut
1170 1883 1470 1929 tantummodo
1495 1883 1702 1946 spiritali-

332 1965 395 2000 ter
422 1964 646 2018 operantes
673 1952 939 1998 manducent
960 1969 1117 2015 panem
1142 1971 1165 1998 a
1189 1953 1405 2015 corporali
1426 1952 1575 1997 labore
1600 1970 1702 2013 gra-

334 2024 493 2071 tuitum
515 2042 525 2069 ε
552 2034 593 2069 et
615 2022 986 2088 quemadmodum
1011 2022 1118 2067 dicit
1139 2040 1149 2067 :
1173 2043 1192 2062 «
1212 2021 1500 2085 Praecipimus
1517 2033 1558 2068 et
1575 2023 1702 2068 obse-

334 2117 354 2138 »
373 2112 543 2141 cramus
568 2095 614 2140 in
646 2093 848 2150 Christo,
890 2105 939 2139 ut
961 2110 1061 2138 cum
1096 2093 1265 2138 silentio
1293 2103 1516 2156 operantes
1542 2110 1702 2157 panem

335 2187 355 2208 ›>
374 2183 498 2212 suum
514 2164 794 2220 manducent,
813 2185 832 2205 >›
847 2181 935 2209 non
951 2163 1175 2227 disputent
1190 2173 1341 2209 contra
1361 2162 1704 2210 manifestissima

333 2236 466 2283 verba
485 2234 708 2298 Apostoli3
738 2233 838 2297 quia
865 2244 906 2279 et
932 2234 1016 2278 hoc
1039 2233 1227 2297 pertinet
1256 2233 1310 2278 ad
1336 2232 1578 2290 silentium,
1601 2249 1703 2279 cum

334 2325 421 2373 quo
439 2306 599 2352 debent
621 2315 846 2368 operantes
865 2304 1126 2350 manducare
1147 2321 1304 2368 panem
1324 2320 1463 2350 suum.

398 2378 449 2425 V.
491 2375 767 2423 Enucleatius
799 2385 942 2421 autem
972 2386 1014 2420 ct
1033 2375 1280 2435 diligentius
1304 2374 1451 2420 adhuc
1468 2373 1546 2420 ista
1569 2374 1703 2421 verba

333 2448 648 2495 considerarem
683 2457 810 2510 atque
843 2456 1101 2502 tractarem,
1136 2445 1217 2491 nisi
1247 2445 1456 2490 haberem
1490 2443 1572 2490 alia
1606 2444 1702 2491 loca

337 2517 630 2582 Epistolarum
657 2520 748 2576 ejus
778 2515 917 2562 multo
942 2515 1254 2572 manifestiora,
1285 2515 1445 2579 quihus
1470 2514 1636 2560 collatis
1657 2525 1700 2560 et

333 2589 412 2636 ista
449 2587 658 2652 liquidius
685 2586 1038 2643 manifestantur,
1073 2596 1117 2632 et
1153 2586 1188 2633 si
1218 2585 1298 2634 ista
1323 2602 1410 2632 non
1436 2595 1597 2642 essent,
1625 2584 1700 2632 illa

382 2675 391 2696 ¹
415 2685 432 2705 2
451 2671 566 2706 Thess.
591 2682 641 2717 ux,
661 2672 752 2704 6-12.
770 2689 814 2696 —
828 2669 843 2693 ²
865 2683 876 2703 ι
894 2671 972 2704 Cor.
987 2681 1034 2708 tx,
1056 2682 1088 2711 7.
