1758 3246
220 307 311 352 612
640 321 674 351 s.
718 320 959 352 auous‘rml
995 320 1197 352 Emscori

217 382 560 448 praestiterunt‘l.
589 384 702 440 Quae
722 384 894 431 tandem
916 386 1208 431 misericordia
1228 397 1462 449 praestatur
1479 389 1591 435 nihil

218 454 530 500 sentientibus?
554 457 620 500 An
643 454 754 501 forte
778 456 864 501 hoc
887 456 1177 501 revocandum
1194 468 1255 502 est
1279 457 1330 502 ad
1350 458 1468 504 illam
1488 460 1589 523 opi—

216 526 406 580 nionem,
433 525 551 588 quod
582 526 798 572 infernum
820 527 1004 572 fluvium
1036 528 1240 590 insepulti
1272 546 1358 573 non
1389 541 1592 592 poterant

216 596 535 642 transmeare2?
569 597 696 642 Absit
720 596 807 642 hoc
829 615 850 642 a
871 597 956 642 fide
987 597 1257 643 christiana:
1278 599 1470 662 alioquin
1490 618 1593 664 pes-

215 666 320 710 sime
345 676 491 711 actum
518 677 579 712 est
604 684 703 712 cum
734 677 853 713 tanta
878 669 1020 712 Marti
1025 685 1122 713 rum
1149 668 1443 718 multitudine.
1479 689 1594 734 quo-

215 752 312 781 rum
333 753 420 781 non
440 747 678 798 potuerunt
704 754 886 814 colpora
914 738 1101 801 sepeliri.
1135 748 1175 782 et
1199 738 1407 785 fillaciter
1425 742 1484 786 eis
1509 742 1594 786 Ve-

215 806 319 851 ritas
352 806 489 851 dixit:
512 828 529 847 «
549 806 693 852 [Nolite
726 807 876 853 timere
899 825 968 853 eos
992 808 1068 870 qui
1099 824 1258 871 corpus
1291 810 1528 867 occidunt,
1556 822 1597 857 et

217 887 410 939 »postea
438 894 527 922 non
555 876 723 922 habent
754 877 862 940 quid
899 877 1106 934 faciant-'’‚
1130 879 1202 923 »si
1237 879 1294 924 eis
1330 890 1449 926 tanta
1485 848 1597 926 niala

213 946 354 992 facere
381 957 638 1009 potuerunt,
665 947 828 1010 quibus
848 947 1168 1010 impedirentur
1191 947 1245 993 ad
1276 948 1374 994 loca
1399 961 1596 1014 exoptata

215 1016 409 1063 transire.
436 1016 521 1061 Sed
548 1017 650 1080 quia
672 1017 760 1063 hoc
786 1017 876 1062 sine
906 1017 993 1063 ulla
1018 1017 1294 1065 dubitatione
1323 1018 1597 1067 falsissimum

214 1097 293 1143 est,
321 1104 400 1132 uec
429 1087 593 1151 aliquid
624 1087 746 1133 obest
765 1087 968 1133 fidelibus
988 1099 1140 1148 negata
1167 1106 1315 1135 eorum
1341 1092 1598 1154 corporibus

214 1156 451 1220 sepultura,
483 1174 562 1202 nec
592 1157 758 1220 aliquid
779 1158 812 1203 si
833 1158 1090 1204 exhibeatur
1113 1159 1363 1205 infidelibus
1385 1161 1562 1223 prodest
1583 1179 1594 1207 ε

214 1245 294 1273 cur
321 1244 421 1287 ergo
445 1227 509 1273 illi
533 1228 611 1290 qui
640 1228 814 1273 Saulem
840 1238 880 1273 et
903 1227 1041 1273 filium
1060 1232 1096 1288 ej
1106 1247 1154 1274 us
1169 1230 1443 1293 sepelierunt,
1475 1233 1599 1277 mise-

215 1299 450 1344 ricordiam
475 1298 622 1344 fecisse
647 1299 877 1354 dicuntur,
901 1310 942 1344 et
966 1299 1024 1344 ob
1048 1299 1134 1345 hoc
1155 1317 1178 1344 a
1201 1317 1297 1360 rege
1321 1302 1395 1364 pio
1421 1302 1598 1348 benedi-

216 1380 403 1422 cuntur3
437 1369 517 1414 nisi
550 1369 654 1433 quia
689 1370 801 1415 bene
837 1369 1086 1415 afficiuntur
1117 1370 1249 1415 corda
1281 1371 1595 1429 miserantium,

216 1439 395 1503 quando
415 1456 462 1484 ea
481 1439 629 1484 dolent
653 1439 697 1484 in
726 1449 1001 1484 mortuorum
1026 1440 1287 1503 corporibus
1314 1440 1476 1497 alienis,
1499 1460 1600 1506 quse

215 1510 291 1555 illo
311 1511 483 1564 affectu,
504 1525 592 1572 quo
610 1527 737 1554 nemo
760 1527 952 1573 unquam
971 1527 1144 1555 carnem
1163 1527 1282 1556 suam
1305 1511 1404 1557 odio
1422 1511 1596 1568 habet&

216 1581 375 1626 nolunt
398 1580 489 1625 fieri
514 1591 614 1643 post
640 1591 822 1626 mortem
847 1598 967 1626 suam
993 1582 1253 1644 corporibus
1279 1581 1380 1638 suis,
1411 1593 1452 1628 et
1479 1583 1600 1646 quod

212 1652 294 1697 sibi
319 1651 513 1697 exhiberi
537 1652 690 1697 volunt
713 1652 890 1715 quando
921 1653 1083 1698 sensuri
1115 1670 1203 1699 non
1227 1663 1357 1709 sunt,
1395 1653 1487 1700 aliis
1510 1671 1600 1700 non

217 1722 501 1767 sentientibus
524 1733 678 1768 curant
700 1722 901 1768 exhibere
926 1722 1032 1768 dum
1056 1723 1139 1787 ipsi
1160 1724 1365 1771 sentiunt.

286 1793 388 1840 Xll.
431 1792 678 1838 Narrantur
702 1794 791 1839 visa
807 1794 1011 1857 quaedam
1028 1832 1039 1851 ‚
1064 1811 1164 1859 quae
1187 1795 1294 1840 huic
1313 1794 1602 1858 disputationi

221 1881 310 1910 non
327 1863 625 1925 negligendam
638 1864 866 1911 videantur
889 1865 1046 1911 inferre
1065 1866 1364 1930 quaestionem.
1388 1867 1602 1912 Feruntur

221 1935 390 1998 quippe
416 1935 576 1980 mortui
602 1935 803 1980 nonnulli
823 1935 890 1981 vel
909 1936 953 1981 in
979 1936 1138 1982 somnis
1159 1973 1168 1991 ‚
1192 1936 1260 1981 vel
1281 1936 1362 1982 alio
1381 1954 1602 2000 quocum-

223 2021 307 2067 que
333 2004 464 2050 modo
482 2006 732 2068 apparuisse
749 2005 997 2051 viventibus
1016 2017 1143 2069 atque
1164 2007 1239 2051 ubi
1253 2023 1401 2052 eorum
1419 2024 1603 2071 corpora

215 2078 412 2134 jacerent
432 2074 663 2120 inhumata
687 2075 982 2121 nescientibus
1005 2113 1015 2132 ‚
1043 2076 1236 2139 locisque
1260 2077 1508 2122 monstratis
1528 2076 1603 2122 ad-

223 2144 440 2190 monuisse
460 2155 508 2189 ut
538 2145 623 2190 sibi
655 2145 907 2208 sepultura,
934 2163 1035 2210 quae
1060 2146 1255 2192 defuerat
1275 2184 1286 2203 ,
1308 2147 1595 2209 praeberetur.

225 2215 335 2261 Haee
370 2215 403 2260 si
441 2215 547 2261 falsa
582 2234 668 2262 esse
709 2218 1086 2281 responderimus,
1127 2230 1277 2266 contra
1312 2219 1603 2283 quorumdam

223 2288 387 2352 scripta
412 2288 607 2334 fidelium
630 2327 641 2346 ‚
668 2301 711 2335 et
730 2302 882 2336 contra
911 2308 1059 2337 eorum
1100 2309 1245 2338 sensus
1276 2293 1352 2356 qui
1392 2292 1494 2338 talia
1519 2292 1604 2338 sibi

226 2359 431 2405 accidisse
453 2361 716 2406 confirmant
731 2398 741 2417 ,
768 2361 1048 2425 impudenter
1067 2363 1212 2409 venire
1228 2363 1491 2410 videbimur.
1518 2362 1603 2408 Sed

222 2430 578 2493 respondendum
606 2442 667 2477 est
682 2469 693 2487 ‚
720 2449 807 2478 non
828 2433 925 2478 ideo
948 2433 1194 2496 putandum
1213 2451 1298 2480 esse
1319 2444 1510 2479 mortuos
1525 2433 1605 2478 ista

222 2500 403 2557 sentire,
433 2502 535 2565 quia
560 2502 661 2548 haec
687 2502 831 2549 dicere
852 2503 920 2550 vel
942 2503 1136 2550 indicare
1154 2504 1220 2549 vel
1239 2515 1384 2568 petere
1402 2504 1606 2550 videntur

219 2570 266 2616 in
291 2572 465 2619 somnis,
513 2572 625 2619 Nam
645 2584 693 2620 et
729 2574 922 2621 viventes
958 2585 1171 2638 apparent
1199 2592 1314 2639 saepe
1350 2574 1605 2622 viventibus

265 2654 276 2676 ¹
298 2666 315 2685 2
338 2657 416 2698 Reg.
433 2666 472 2699 n,
501 2658 535 2692 5,
559 2675 603 2684 --
619 2656 636 2681 ²
653 2658 778 2692 AEneid.
799 2670 842 2693 vx.
862 2677 904 2685 —
921 2656 935 2682 3
953 2662 1029 2694 Luc.
1045 2668 1107 2700 xn,
1128 2665 1160 2697 4.
1177 2677 1223 2684 —-
1239 2656 1253 2682 ⁴
1273 2658 1389 2704 Ephes.
1412 2671 1443 2700 v,
1460 2670 1519 2700 29.
