1758 3246
308 266 402 320 244
726 279 760 309 S.
803 277 1045 310 Aususrmr
1081 280 1280 310 EPISCOPI

305 341 413 386 foro.
447 339 549 401 Ipso
579 338 808 386 locutionis
836 341 967 386 modo
992 342 1036 386 in
1065 342 1236 387 Psalmo
1254 342 1450 386 canitur:
1477 361 1497 382 «
1518 341 1671 386 Omnis

308 430 328 449 »
358 419 469 452 terra
494 406 642 453 adoret
666 419 706 454 te
726 408 771 454 1:
795 431 815 451 »
839 410 884 455 id
905 421 989 466 est,
1023 428 1168 455 onmes
1194 411 1390 455 homines
1416 409 1493 472 qui
1512 409 1674 454 suntin

310 487 436 524 terra.

372 548 535 594 XXXI.
583 568 604 589 ε(
625 549 753 593 Nunc
789 559 932 593 autem
965 548 1191 611 deponite,
1218 550 1382 612 inquit,
1418 559 1460 593 et
1475 565 1550 594 vos
1573 548 1677 592 uni-

307 638 329 660 »
358 634 477 663 versa
496 617 540 661 2:
571 638 592 658 >2
613 627 655 661 et
690 628 1000 663 commemorat
1033 618 1160 680 plura
1184 618 1393 678 ejusmodi
1422 617 1550 663 mala.
1593 616 1678 661 Sed

309 686 417 749 quid
435 697 514 741 est,
540 686 660 748 quod
679 687 716 730 ei
735 703 821 731 non
838 688 996 732 suflicit
1016 687 1157 732 dicere
1179 705 1189 731 ε
1217 709 1236 728 c<
1252 687 1467 750 Deponite
1483 703 1559 732 vos
1577 686 1679 731 uni—

306 778 329 799 »
354 772 474 802 versa
495 772 505 799 :
537 777 556 795 »
575 755 647 800 sed
665 755 812 800 addita
823 758 1129 814 conjunctione
1149 756 1275 801 dixit:
1307 777 1326 797 «
1350 758 1406 800 Et
1420 759 1523 802 vos?
1545 777 1565 797 »
1587 755 1680 800 Nisi

308 843 362 871 ne
383 835 613 888 propterea
637 842 678 869 se
698 836 907 887 putarent
924 827 1020 870 haec
1037 825 1148 870 mala
1161 826 1317 881 facere,
1346 837 1476 888 atque
1501 827 1679 888 impune

308 895 355 940 in
376 895 433 939 eis
457 894 600 939 vivere
614 931 625 949 ,
646 895 749 957 quia
768 895 872 940 fides
902 912 1050 940 eorum
1071 895 1276 940 liberaret
1298 912 1367 940 eos
1392 896 1448 940 ab
1474 895 1537 940 ira
1551 931 1563 950 „
1583 911 1683 956 quae

309 965 494 1010 venitin
517 964 627 1009 filios
648 965 915 1010 infidelitatis
947 966 1028 1010 ista
1061 966 1286 1021 facientes,
1324 976 1366 1010 et
1407 966 1453 1011 in
1497 965 1567 1009 his
1595 964 1684 1008 sine

312 1035 397 1081 fide
421 1035 624 1080 viventes.
655 1036 871 1097 Deponite
890 1072 900 1089 ‚
925 1036 1084 1098 inquit,
1114 1046 1154 1080 ct
1179 1053 1255 1081 vos
1275 1035 1349 1080 illa
1368 1034 1482 1080 mala
1506 1043 1686 1096 propter

310 1119 412 1165 quae
434 1103 553 1148 venit
569 1103 632 1147 ira
660 1104 738 1148 Dei
757 1104 802 1148 in
825 1104 936 1148 filios
958 1105 1251 1158 infidelitatis3
1280 1121 1358 1149 nec
1393 1103 1518 1149 vobis
1538 1119 1685 1148 eorum

312 1171 616 1233 impunitatem
639 1182 818 1233 propter
836 1172 936 1216 fidei
964 1174 1166 1218 meritum
1188 1173 1465 1235 promittatis,
1490 1173 1589 1217 Non
1613 1188 1688 1233 au-

314 1251 398 1284 tem
427 1240 614 1284 diceret:
654 1261 674 1281 α
700 1241 914 1303 Deponite
933 1278 943 1295 ,
975 1264 995 1283 2>
1038 1243 1097 1287 eis
1115 1244 1190 1304 qui
1214 1247 1306 1301 jam
1331 1242 1618 1304 deposuerant
1640 1257 1687 1285 ex

312 1327 361 1356 ea
387 1320 507 1373 parte
531 1326 617 1371 qua
644 1310 805 1355 talibus
841 1312 957 1355 vitiis
983 1329 1070 1356 non
1113 1313 1466 1367 consentiebant,
1504 1327 1583 1356 nec
1612 1327 1688 1354 sua

313 1379 512 1425 membra
536 1379 593 1423 cis
613 1396 732 1423 amna
751 1380 919 1441 peccati
947 1381 1139 1436 dabant,
1174 1382 1253 1426 nisi
1270 1382 1371 1443 quia
1390 1381 1435 1425 in
1451 1381 1537 1425 lioc
1572 1380 1687 1425 facto

312 1460 392 1504 est,
419 1448 520 1492 etin
540 1448 625 1493 hac
644 1447 792 1493 adhuc
826 1450 1076 1511 operatione
1097 1461 1308 1505 versatur,
1350 1449 1547 1512 quandiu
1568 1465 1689 1493 mor—

316 1517 421 1561 tales
439 1533 602 1572 sumus,
626 1516 715 1562 vita
739 1528 1004 1565 sanctorum.
1035 1521 1151 1564 Dum
1182 1519 1297 1564 enim
1322 1519 1498 1581 spiritus
1522 1535 1690 1563 concu-

315 1586 447 1650 piscit
470 1585 672 1631 adversus
691 1603 882 1644 carnem,
906 1588 1004 1633 haec
1023 1606 1179 1648 magna
1196 1589 1434 1634 intentione
1449 1604 1514 1632 res
1529 1587 1686 1646 agitur,

314 1655 679 1701 delectationibus
701 1657 864 1718 pravis,
893 1657 1155 1703 libidinibus
1198 1657 1464 1713 immundis,
1501 1657 1692 1703 motibus

315 1725 567 1771 carnalibus
608 1736 738 1787 atque
769 1727 996 1790 turpibus,
1026 1728 1235 1774 suavitate
1257 1728 1495 1773 sanctitatis
1513 1765 1524 1783 ,
1548 1743 1692 1772 amore

317 1795 548 1851 castitatis,
568 1795 752 1858 spiritali
772 1797 935 1856 vigore,
964 1809 1005 1843 et
1040 1798 1323 1843 continentiae
1347 1797 1503 1843 decore
1528 1798 1692 1843 resisti-

319 1876 415 1910 tur:
441 1866 500 1910 sic
519 1865 799 1928 deponuntur
823 1868 879 1912 ab
897 1868 971 1923 eis,
993 1869 1068 1931 qui
1088 1870 1247 1914 mortui
1267 1879 1366 1913 sunt
1383 1868 1441 1914 eis
1459 1905 1470 1925 ,
1494 1885 1573 1914 nec
1593 1885 1694 1913 con-

320 1935 541 1980 sentiendo
564 1936 719 1980 vivunt
740 1937 785 1981 in
807 1937 878 1984 eis.
913 1938 1003 1993 Sic,
1034 1939 1213 2001 inquam
1231 1975 1241 1994 ,
1267 1938 1565 2001 deponuntur,
1587 1937 1695 1982 dum

319 2005 571 2050 continuata
594 2006 860 2052 continentia
876 2025 928 2052 ne
950 2019 1457 2071 resurgantpremuntur.
1485 2007 1694 2070 Quisquis

322 2074 447 2136 quasi
469 2091 642 2118 securus
666 2075 723 2118 ab
743 2075 829 2120 hac
851 2093 999 2120 eorum
1020 2077 1287 2139 depositione
1313 2077 1558 2132 cessaverit,
1578 2077 1695 2122 illico

322 2143 370 2187 in
390 2159 533 2187 arcem
564 2143 719 2187 mentis
737 2144 979 2206 prosilient,
1002 2162 1183 2208 eamque
1206 2146 1306 2192 inde
1328 2147 1425 2209 ipsa
1446 2146 1692 2209 deponent,

326 2223 455 2275 atque
476 2212 523 2256 in
546 2228 668 2257 suam
692 2213 888 2272 redigent
920 2215 1185 2272 servitutem,
1214 2217 1400 2279 turpiter
1422 2216 1698 2262 deformiter-

325 2298 410 2344 que
430 2282 664 2344 captivam.
695 2283 820 2328 Tunc
843 2285 1046 2343 regnabit
1065 2297 1296 2348 peccatum
1312 2287 1357 2332 in
1369 2286 1558 2332 hominis
1577 2302 1697 2331 mor-

326 2351 403 2396 tali
426 2368 609 2414 corpore
632 2352 687 2397 acl
707 2352 1002 2400 obediendum
1043 2355 1262 2401 desideriis
1281 2360 1372 2416 ejus
1393 2357 1410 2385 3
1439 2374 1449 2401 :
1476 2367 1580 2400 tunc
1622 2370 1698 2399 sua

326 2421 524 2467 membra
546 2422 770 2468 exhibebit
804 2441 923 2469 arma
944 2425 1186 2488 iniquitatis
1201 2436 1400 2488 peccam,
1422 2435 1465 2470 et
1480 2435 1607 2470 erunt
1623 2441 1699 2469 no-

327 2492 501 2538 vissima
524 2491 639 2537 illius
661 2496 810 2555 pejora
836 2495 1061 2558 prioribus
1077 2495 1094 2524 [⁸
1121 2513 1132 2540 ε
1155 2495 1296 2540 Multo
1324 2504 1387 2539 est
1409 2494 1522 2540 enim
1547 2494 1700 2540 tolera-

379 2572 484 2607 ¹Psa1.
503 2585 578 2615 va,
599 2580 632 2611 4.
652 2593 697 2607 2-
714 2574 860 2610 2c010ss.
883 2589 940 2618 ιιι,
959 2581 1046 2614 8.-
1062 2576 1076 2602 3
1093 2581 1189 2613 Rom.
1209 2589 1254 2618 vx,
1276 2589 1376 2613 12.—
1396 2575 1411 2602 ⁴
1427 2577 1545 2614 Malth.
1564 2589 1621 2620 ΧΠ,
1640 2580 1695 2616 45.
