<?xml version="1.0" encoding="UTF-8"?>
<!DOCTYPE html PUBLIC "-//W3C//DTD XHTML 1.0 Transitional//EN"
    "http://www.w3.org/TR/xhtml1/DTD/xhtml1-transitional.dtd">
<html xmlns="http://www.w3.org/1999/xhtml" xml:lang="en" lang="en">
 <head>
  <title>
</title>
<meta http-equiv="Content-Type" content="text/html;charset=utf-8" />
  <meta name='ocr-system' content='tesseract 3.04.00' />
  <meta name='ocr-capabilities' content='ocr_page ocr_carea ocr_par ocr_line ocrx_word'/>
</head>
<body>
  <div class='ocr_page' id='page_1' title='image "./operaomniaaccura26auguuoft/operaomniaaccura26auguuoft_0497.png"; bbox 0 0 1758 3246; ppageno 0'>
   <div class='ocr_carea' id='block_1_1' title="bbox 135 273 1411 336">
    <p class='ocr_par' dir='ltr' id='par_1_1' title="bbox 135 273 1411 336">
     <span class='ocr_line' id='line_1_1' title="bbox 135 273 1411 336; baseline 0.002 -20"><span class='ocrx_word' id='word_1_1' title='bbox 135 285 310 317; x_wconf 78' lang='lat' dir='ltr'>CONTRA</span> <span class='ocrx_word' id='word_1_2' title='bbox 344 283 611 316; x_wconf 74' lang='lat' dir='ltr'><strong>MENnAcnm</strong></span> <span class='ocrx_word' id='word_1_3' title='bbox 649 286 705 316; x_wconf 78' lang='lat' dir='ltr'><strong>At)</strong></span> <span class='ocrx_word' id='word_1_4' title='bbox 741 285 1044 325; x_wconf 65' lang='lat' dir='ltr'><strong>conszN‘ruJM,</strong></span> <span class='ocrx_word' id='word_1_5' title='bbox 1087 285 1172 318; x_wconf 69' lang='lat' dir='ltr'><strong>mn.</strong></span> <span class='ocrx_word' id='word_1_6' title='bbox 1216 287 1246 318; x_wconf 83' lang='lat'><strong>1.</strong></span> <span class='ocrx_word' id='word_1_7' title='bbox 1321 273 1411 336; x_wconf 63' lang='grc'><strong>477</strong></span> 
     </span>
    </p>
   </div>
   <div class='ocr_carea' id='block_1_2' title="bbox 45 347 1420 1109">
    <p class='ocr_par' dir='ltr' id='par_1_2' title="bbox 45 347 1420 1109">
     <span class='ocr_line' id='line_1_2' title="bbox 45 347 1414 415; baseline 0.002 -19"><span class='ocrx_word' id='word_1_8' title='bbox 45 350 203 415; x_wconf 74' lang='lat' dir='ltr'><strong>pariat,</strong></span> <span class='ocrx_word' id='word_1_9' title='bbox 245 359 390 395; x_wconf 88' lang='lat' dir='ltr'><strong>utrum</strong></span> <span class='ocrx_word' id='word_1_10' title='bbox 431 347 532 394; x_wconf 88' lang='lat' dir='ltr'><strong>inde</strong></span> <span class='ocrx_word' id='word_1_11' title='bbox 572 361 720 413; x_wconf 82' lang='lat' dir='ltr'><strong>postca</strong></span> <span class='ocrx_word' id='word_1_12' title='bbox 760 348 997 395; x_wconf 82' lang='lat' dir='ltr'>liberentur</span> <span class='ocrx_word' id='word_1_13' title='bbox 1031 365 1131 395; x_wconf 75' lang='lat' dir='ltr'><strong>vera</strong></span> <span class='ocrx_word' id='word_1_14' title='bbox 1169 349 1414 399; x_wconf 78' lang='lat' dir='ltr'><strong>dicentibus</strong></span> 
     </span>
     <span class='ocr_line' id='line_1_3' title="bbox 46 418 1414 483; baseline 0.004 -19"><span class='ocrx_word' id='word_1_15' title='bbox 46 420 188 475; x_wconf 87' lang='lat' dir='ltr'><strong>nobis,</strong></span> <span class='ocrx_word' id='word_1_16' title='bbox 214 421 290 483; x_wconf 87' lang='lat' dir='ltr'><strong>qui</strong></span> <span class='ocrx_word' id='word_1_17' title='bbox 319 418 491 481; x_wconf 85' lang='lat' dir='ltr'><strong>decepti</strong></span> <span class='ocrx_word' id='word_1_18' title='bbox 519 430 618 464; x_wconf 91' lang='lat' dir='ltr'><strong>sunt</strong></span> <span class='ocrx_word' id='word_1_19' title='bbox 641 420 890 466; x_wconf 85' lang='lat' dir='ltr'><strong>fallentibus</strong></span> <span class='ocrx_word' id='word_1_20' title='bbox 917 419 1065 471; x_wconf 86' lang='lat' dir='ltr'><strong>nobis;</strong></span> <span class='ocrx_word' id='word_1_21' title='bbox 1090 431 1132 464; x_wconf 87' lang='lat' dir='ltr'><strong>et</strong></span> <span class='ocrx_word' id='word_1_22' title='bbox 1164 432 1308 467; x_wconf 90' lang='lat' dir='ltr'><strong>utrum</strong></span> <span class='ocrx_word' id='word_1_23' title='bbox 1334 440 1414 469; x_wconf 87' lang='lat' dir='ltr'><strong>au-</strong></span> 
     </span>
     <span class='ocr_line' id='line_1_4' title="bbox 47 488 1411 553; baseline 0.004 -20"><span class='ocrx_word' id='word_1_24' title='bbox 47 488 139 534; x_wconf 89' lang='lat' dir='ltr'><strong>dire</strong></span> <span class='ocrx_word' id='word_1_25' title='bbox 161 489 293 534; x_wconf 81' lang='lat' dir='ltr'><strong>velint</strong></span> <span class='ocrx_word' id='word_1_26' title='bbox 312 488 536 534; x_wconf 81' lang='lat' dir='ltr'><strong>docentem</strong></span> <span class='ocrx_word' id='word_1_27' title='bbox 556 525 567 544; x_wconf 89' lang='lat'><strong>,</strong></span> <span class='ocrx_word' id='word_1_28' title='bbox 594 506 723 553; x_wconf 85' lang='lat' dir='ltr'><strong>quem</strong></span> <span class='ocrx_word' id='word_1_29' title='bbox 743 490 803 534; x_wconf 67' lang='lat' dir='ltr'><strong>sic</strong></span> <span class='ocrx_word' id='word_1_30' title='bbox 822 488 983 552; x_wconf 84' lang='lat' dir='ltr'><strong>experti</strong></span> <span class='ocrx_word' id='word_1_31' title='bbox 1001 499 1100 533; x_wconf 85' lang='lat' dir='ltr'><strong>sunt</strong></span> <span class='ocrx_word' id='word_1_32' title='bbox 1118 492 1411 548; x_wconf 79' lang='lat' dir='ltr'><strong>mentientem,</strong></span> 
     </span>
     <span class='ocr_line' id='line_1_5' title="bbox 47 557 1416 622; baseline 0.004 -20"><span class='ocrx_word' id='word_1_33' title='bbox 47 558 144 620; x_wconf 88' lang='lat' dir='ltr'><strong>quis</strong></span> <span class='ocrx_word' id='word_1_34' title='bbox 164 559 329 602; x_wconf 86' lang='lat' dir='ltr'><strong>noverit</strong></span> <span class='ocrx_word' id='word_1_35' title='bbox 351 561 544 603; x_wconf 62' lang='lat' dir='ltr'><strong>certum?</strong></span> <span class='ocrx_word' id='word_1_36' title='bbox 568 559 664 622; x_wconf 85' lang='lat' dir='ltr'><strong>quis</strong></span> <span class='ocrx_word' id='word_1_37' title='bbox 689 559 774 603; x_wconf 86' lang='lat' dir='ltr'><strong>hoc</strong></span> <span class='ocrx_word' id='word_1_38' title='bbox 795 576 880 603; x_wconf 88' lang='lat' dir='ltr'><strong>esse</strong></span> <span class='ocrx_word' id='word_1_39' title='bbox 897 558 1064 617; x_wconf 86' lang='lat' dir='ltr'><strong>ignoret</strong></span> <span class='ocrx_word' id='word_1_40' title='bbox 1085 557 1331 606; x_wconf 60' lang='lat' dir='ltr'><strong>incertum.3</strong></span> <span class='ocrx_word' id='word_1_41' title='bbox 1357 563 1416 607; x_wconf 86' lang='lat' dir='ltr'><strong>Ex</strong></span> 
     </span>
     <span class='ocr_line' id='line_1_6' title="bbox 46 626 1416 692; baseline 0.002 -20"><span class='ocrx_word' id='word_1_42' title='bbox 46 643 134 690; x_wconf 89' lang='lat' dir='ltr'><strong>quo</strong></span> <span class='ocrx_word' id='word_1_43' title='bbox 157 627 390 686; x_wconf 86' lang='lat' dir='ltr'><strong>colligitur,</strong></span> <span class='ocrx_word' id='word_1_44' title='bbox 421 627 722 689; x_wconf 80' lang='lat' dir='ltr'><strong>perniciosius,</strong></span> <span class='ocrx_word' id='word_1_45' title='bbox 752 638 825 673; x_wconf 86' lang='lat' dir='ltr'><strong>aut</strong></span> <span class='ocrx_word' id='word_1_46' title='bbox 853 637 901 672; x_wconf 89' lang='lat' dir='ltr'><strong>ut</strong></span> <span class='ocrx_word' id='word_1_47' title='bbox 926 626 1072 672; x_wconf 88' lang='lat' dir='ltr'><strong>mitius</strong></span> <span class='ocrx_word' id='word_1_48' title='bbox 1099 626 1268 691; x_wconf 83' lang='lat' dir='ltr'><strong>loquar,</strong></span> <span class='ocrx_word' id='word_1_49' title='bbox 1297 631 1416 692; x_wconf 86' lang='lat' dir='ltr'><strong>peri-</strong></span> 
     </span>
     <span class='ocr_line' id='line_1_7' title="bbox 48 696 1416 761; baseline 0.003 -21"><span class='ocrx_word' id='word_1_50' title='bbox 48 696 235 742; x_wconf 89' lang='lat' dir='ltr'><strong>culosius</strong></span> <span class='ocrx_word' id='word_1_51' title='bbox 264 697 436 741; x_wconf 89' lang='lat' dir='ltr'><strong>mentiri</strong></span> <span class='ocrx_word' id='word_1_52' title='bbox 467 697 706 742; x_wconf 89' lang='lat' dir='ltr'><strong>catholicos</strong></span> <span class='ocrx_word' id='word_1_53' title='bbox 731 707 778 742; x_wconf 89' lang='lat' dir='ltr'><strong>ut</strong></span> <span class='ocrx_word' id='word_1_54' title='bbox 804 697 1030 742; x_wconf 54' lang='lat' dir='ltr'><strong>haereticos</strong></span> <span class='ocrx_word' id='word_1_55' title='bbox 1061 697 1253 760; x_wconf 83' lang='lat' dir='ltr'><strong>capiant,</strong></span> <span class='ocrx_word' id='word_1_56' title='bbox 1285 715 1416 761; x_wconf 84' lang='lat' dir='ltr'><strong>quam</strong></span> 
     </span>
     <span class='ocr_line' id='line_1_8' title="bbox 48 765 1417 830; baseline 0.001 -19"><span class='ocrx_word' id='word_1_57' title='bbox 48 766 317 811; x_wconf 83' lang='lat' dir='ltr'><strong>mentiuntur</strong></span> <span class='ocrx_word' id='word_1_58' title='bbox 332 766 526 811; x_wconf 81' lang='lat' dir='ltr'><strong>haeretici</strong></span> <span class='ocrx_word' id='word_1_59' title='bbox 548 777 595 811; x_wconf 91' lang='lat' dir='ltr'><strong>ut</strong></span> <span class='ocrx_word' id='word_1_60' title='bbox 615 765 853 811; x_wconf 86' lang='lat' dir='ltr'><strong>catholicos</strong></span> <span class='ocrx_word' id='word_1_61' title='bbox 870 765 1042 812; x_wconf 85' lang='lat' dir='ltr'><strong>lateant.</strong></span> <span class='ocrx_word' id='word_1_62' title='bbox 1068 767 1284 821; x_wconf 81' lang='lat' dir='ltr'><strong>Quoniam</strong></span> <span class='ocrx_word' id='word_1_63' title='bbox 1301 768 1417 830; x_wconf 89' lang='lat' dir='ltr'><strong>quis·</strong></span> 
     </span>
     <span class='ocr_line' id='line_1_9' title="bbox 47 836 1419 901; baseline 0.001 -20"><span class='ocrx_word' id='word_1_64' title='bbox 47 837 143 901; x_wconf 90' lang='lat' dir='ltr'><strong>quis</strong></span> <span class='ocrx_word' id='word_1_65' title='bbox 177 836 314 882; x_wconf 90' lang='lat' dir='ltr'><strong>credit</strong></span> <span class='ocrx_word' id='word_1_66' title='bbox 346 836 574 882; x_wconf 84' lang='lat' dir='ltr'><strong>catholicis</strong></span> <span class='ocrx_word' id='word_1_67' title='bbox 597 836 842 882; x_wconf 89' lang='lat' dir='ltr'><strong>mentiendo</strong></span> <span class='ocrx_word' id='word_1_68' title='bbox 872 836 1155 890; x_wconf 78' lang='lat' dir='ltr'><strong>tentantibuS,</strong></span> <span class='ocrx_word' id='word_1_69' title='bbox 1186 848 1261 882; x_wconf 90' lang='lat' dir='ltr'><strong>aut</strong></span> <span class='ocrx_word' id='word_1_70' title='bbox 1281 837 1419 883; x_wconf 85' lang='lat' dir='ltr'><strong>effici-</strong></span> 
     </span>
     <span class='ocr_line' id='line_1_10' title="bbox 48 903 1419 970; baseline 0.001 -19"><span class='ocrx_word' id='word_1_71' title='bbox 48 903 146 959; x_wconf 71' lang='lat' dir='ltr'><strong>tur,</strong></span> <span class='ocrx_word' id='word_1_72' title='bbox 179 917 252 951; x_wconf 88' lang='lat' dir='ltr'><strong>aut</strong></span> <span class='ocrx_word' id='word_1_73' title='bbox 283 907 568 951; x_wconf 78' lang='lat' dir='ltr'><strong>confirmatur</strong></span> <span class='ocrx_word' id='word_1_74' title='bbox 595 906 825 952; x_wconf 77' lang='lat' dir='ltr'><strong>haereticus</strong></span> <span class='ocrx_word' id='word_1_75' title='bbox 847 924 858 952; x_wconf 72' lang='lat' dir='ltr'><strong><em>z</em></strong></span> <span class='ocrx_word' id='word_1_76' title='bbox 880 907 1075 970; x_wconf 88' lang='lat' dir='ltr'><strong>quisquis</strong></span> <span class='ocrx_word' id='word_1_77' title='bbox 1109 917 1249 953; x_wconf 88' lang='lat' dir='ltr'><strong>autem</strong></span> <span class='ocrx_word' id='word_1_78' title='bbox 1284 907 1419 953; x_wconf 86' lang='lat' dir='ltr'><strong>credit</strong></span> 
     </span>
     <span class='ocr_line' id='line_1_11' title="bbox 47 974 1418 1032; baseline 0 -11"><span class='ocrx_word' id='word_1_79' title='bbox 47 974 266 1021; x_wconf 86' lang='lat' dir='ltr'><strong>haereticis</strong></span> <span class='ocrx_word' id='word_1_80' title='bbox 293 975 537 1020; x_wconf 88' lang='lat' dir='ltr'><strong>mentiendo</strong></span> <span class='ocrx_word' id='word_1_81' title='bbox 562 993 648 1021; x_wconf 90' lang='lat' dir='ltr'><strong>sese</strong></span> <span class='ocrx_word' id='word_1_82' title='bbox 675 976 1016 1032; x_wconf 83' lang='lat' dir='ltr'><strong>occultantibus,</strong></span> <span class='ocrx_word' id='word_1_83' title='bbox 1045 993 1131 1022; x_wconf 90' lang='lat' dir='ltr'><strong>non</strong></span> <span class='ocrx_word' id='word_1_84' title='bbox 1154 976 1311 1022; x_wconf 83' lang='lat' dir='ltr'><strong>desinit</strong></span> <span class='ocrx_word' id='word_1_85' title='bbox 1333 994 1418 1023; x_wconf 86' lang='lat' dir='ltr'><strong>esse</strong></span> 
     </span>
     <span class='ocr_line' id='line_1_12' title="bbox 49 1044 1420 1109; baseline 0.001 -19"><span class='ocrx_word' id='word_1_86' title='bbox 49 1044 308 1091; x_wconf 80' lang='lat' dir='ltr'><strong>catholicus.</strong></span> <span class='ocrx_word' id='word_1_87' title='bbox 347 1044 477 1100; x_wconf 81' lang='lat' dir='ltr'><strong>Quod</strong></span> <span class='ocrx_word' id='word_1_88' title='bbox 503 1055 550 1089; x_wconf 88' lang='lat' dir='ltr'><strong>ut</strong></span> <span class='ocrx_word' id='word_1_89' title='bbox 570 1045 646 1090; x_wconf 86' lang='lat' dir='ltr'><strong>fiat</strong></span> <span class='ocrx_word' id='word_1_90' title='bbox 672 1045 868 1108; x_wconf 83' lang='lat' dir='ltr'><strong>planiuS,</strong></span> <span class='ocrx_word' id='word_1_91' title='bbox 907 1045 1052 1109; x_wconf 88' lang='lat' dir='ltr'><strong>aliqua</strong></span> <span class='ocrx_word' id='word_1_92' title='bbox 1081 1046 1261 1109; x_wconf 78' lang='lat' dir='ltr'><strong>exempli</strong></span> <span class='ocrx_word' id='word_1_93' title='bbox 1285 1046 1420 1105; x_wconf 88' lang='lat' dir='ltr'><strong>gratia</strong></span> 
     </span>
    </p>
   </div>
   <div class='ocr_carea' id='block_1_3' title="bbox 50 1114 1420 1243">
    <p class='ocr_par' dir='ltr' id='par_1_3' title="bbox 50 1114 1420 1243">
     <span class='ocr_line' id='line_1_13' title="bbox 50 1114 1420 1178; baseline 0.002 -20"><span class='ocrx_word' id='word_1_94' title='bbox 50 1130 364 1178; x_wconf 83' lang='lat' dir='ltr'><strong>proponamuS,</strong></span> <span class='ocrx_word' id='word_1_95' title='bbox 387 1124 427 1159; x_wconf 88' lang='lat' dir='ltr'><strong>et</strong></span> <span class='ocrx_word' id='word_1_96' title='bbox 446 1131 495 1159; x_wconf 86' lang='lat' dir='ltr'><strong>ex</strong></span> <span class='ocrx_word' id='word_1_97' title='bbox 516 1114 574 1159; x_wconf 89' lang='lat' dir='ltr'><strong>eis</strong></span> <span class='ocrx_word' id='word_1_98' title='bbox 597 1115 871 1177; x_wconf 87' lang='lat' dir='ltr'><strong>potissimum</strong></span> <span class='ocrx_word' id='word_1_99' title='bbox 895 1115 1083 1178; x_wconf 75' lang='lat' dir='ltr'><strong>scriptis,</strong></span> <span class='ocrx_word' id='word_1_100' title='bbox 1105 1133 1204 1178; x_wconf 85' lang='lat' dir='ltr'><strong>quae</strong></span> <span class='ocrx_word' id='word_1_101' title='bbox 1227 1116 1338 1161; x_wconf 83' lang='lat' dir='ltr'><strong>mihi</strong></span> <span class='ocrx_word' id='word_1_102' title='bbox 1354 1115 1420 1161; x_wconf 91' lang='lat' dir='ltr'><strong>le-</strong></span> 
     </span>
     <span class='ocr_line' id='line_1_14' title="bbox 51 1183 384 1243; baseline 0 -15"><span class='ocrx_word' id='word_1_103' title='bbox 51 1183 189 1243; x_wconf 85' lang='lat' dir='ltr'><strong>genda</strong></span> <span class='ocrx_word' id='word_1_104' title='bbox 219 1183 384 1229; x_wconf 87' lang='lat' dir='ltr'><strong>misisti.</strong></span> 
     </span>
    </p>
   </div>
   <div class='ocr_carea' id='block_1_4' title="bbox 51 1251 1433 2637">
    <p class='ocr_par' dir='ltr' id='par_1_4' title="bbox 51 1251 1433 2637">
     <span class='ocr_line' id='line_1_15' title="bbox 114 1251 1417 1315; baseline 0 -17"><span class='ocrx_word' id='word_1_105' title='bbox 114 1253 165 1298; x_wconf 89' lang='lat' dir='ltr'><strong>V.</strong></span> <span class='ocrx_word' id='word_1_106' title='bbox 209 1254 321 1297; x_wconf 88' lang='lat' dir='ltr'><strong>Ecce</strong></span> <span class='ocrx_word' id='word_1_107' title='bbox 345 1252 656 1296; x_wconf 86' lang='lat' dir='ltr'><strong>constituamus</strong></span> <span class='ocrx_word' id='word_1_108' title='bbox 688 1261 784 1296; x_wconf 88' lang='lat' dir='ltr'><strong>ante</strong></span> <span class='ocrx_word' id='word_1_109' title='bbox 808 1251 956 1297; x_wconf 90' lang='lat' dir='ltr'><strong>oculos</strong></span> <span class='ocrx_word' id='word_1_110' title='bbox 985 1251 1194 1297; x_wconf 85' lang='lat' dir='ltr'><strong>callidum</strong></span> <span class='ocrx_word' id='word_1_111' title='bbox 1217 1254 1417 1315; x_wconf 83' lang='lat' dir='ltr'><strong>explora-</strong></span> 
     </span>
     <span class='ocr_line' id='line_1_16' title="bbox 51 1319 1420 1385; baseline 0.001 -18"><span class='ocrx_word' id='word_1_112' title='bbox 51 1333 186 1368; x_wconf 88' lang='lat' dir='ltr'><strong>torem</strong></span> <span class='ocrx_word' id='word_1_113' title='bbox 203 1320 403 1366; x_wconf 86' lang='lat' dir='ltr'><strong>accedere</strong></span> <span class='ocrx_word' id='word_1_114' title='bbox 426 1319 480 1365; x_wconf 83' lang='lat' dir='ltr'><strong>ad</strong></span> <span class='ocrx_word' id='word_1_115' title='bbox 506 1336 604 1365; x_wconf 90' lang='lat' dir='ltr'><strong>eum</strong></span> <span class='ocrx_word' id='word_1_116' title='bbox 636 1336 765 1383; x_wconf 91' lang='lat' dir='ltr'><strong>quem</strong></span> <span class='ocrx_word' id='word_1_117' title='bbox 798 1320 1169 1367; x_wconf 86' lang='lat' dir='ltr'><strong>Priscillianistam</strong></span> <span class='ocrx_word' id='word_1_118' title='bbox 1194 1339 1279 1367; x_wconf 86' lang='lat' dir='ltr'><strong>esse</strong></span> <span class='ocrx_word' id='word_1_119' title='bbox 1299 1339 1420 1385; x_wconf 86' lang='lat' dir='ltr'><strong>prae-</strong></span> 
     </span>
     <span class='ocr_line' id='line_1_17' title="bbox 53 1389 1422 1452; baseline 0 -15"><span class='ocrx_word' id='word_1_120' title='bbox 53 1392 252 1444; x_wconf 84' lang='lat' dir='ltr'><strong>senserit3</strong></span> <span class='ocrx_word' id='word_1_121' title='bbox 278 1400 320 1436; x_wconf 86' lang='lat' dir='ltr'><strong>et</strong></span> <span class='ocrx_word' id='word_1_122' title='bbox 347 1389 522 1435; x_wconf 82' lang='lat' dir='ltr'><strong>Dietinii</strong></span> <span class='ocrx_word' id='word_1_123' title='bbox 545 1389 739 1452; x_wconf 85' lang='lat' dir='ltr'><strong>episcopi</strong></span> <span class='ocrx_word' id='word_1_124' title='bbox 757 1390 876 1451; x_wconf 77' lang='grc' dir='ltr'><strong>(ιὸ),</strong></span> <span class='ocrx_word' id='word_1_125' title='bbox 902 1390 969 1435; x_wconf 87' lang='lat' dir='ltr'><strong>vel</strong></span> <span class='ocrx_word' id='word_1_126' title='bbox 993 1391 1154 1450; x_wconf 87' lang='lat' dir='ltr'><strong>cogniti</strong></span> <span class='ocrx_word' id='word_1_127' title='bbox 1173 1391 1306 1437; x_wconf 82' lang='lat' dir='ltr'><strong>vitain</strong></span> <span class='ocrx_word' id='word_1_128' title='bbox 1323 1429 1334 1448; x_wconf 89' lang='lat'><strong>,</strong></span> <span class='ocrx_word' id='word_1_129' title='bbox 1356 1391 1422 1437; x_wconf 83' lang='lat' dir='ltr'><strong>vel</strong></span> 
     </span>
     <span class='ocr_line' id='line_1_18' title="bbox 53 1459 1423 1521; baseline 0 -14"><span class='ocrx_word' id='word_1_130' title='bbox 53 1461 263 1521; x_wconf 86' lang='lat' dir='ltr'><strong>incogniti</strong></span> <span class='ocrx_word' id='word_1_131' title='bbox 281 1460 441 1505; x_wconf 87' lang='lat' dir='ltr'><strong>famam</strong></span> <span class='ocrx_word' id='word_1_132' title='bbox 466 1459 643 1505; x_wconf 87' lang='lat' dir='ltr'><strong>laudare</strong></span> <span class='ocrx_word' id='word_1_133' title='bbox 659 1459 923 1505; x_wconf 89' lang='lat' dir='ltr'><strong>mendaciter</strong></span> <span class='ocrx_word' id='word_1_134' title='bbox 942 1478 953 1504; x_wconf 72' lang='grc' dir='ltr'>ι</span> <span class='ocrx_word' id='word_1_135' title='bbox 974 1471 1035 1505; x_wconf 87' lang='lat' dir='ltr'><strong>est</strong></span> <span class='ocrx_word' id='word_1_136' title='bbox 1056 1461 1140 1506; x_wconf 92' lang='lat' dir='ltr'><strong>hoc</strong></span> <span class='ocrx_word' id='word_1_137' title='bbox 1158 1461 1423 1507; x_wconf 86' lang='lat' dir='ltr'><strong>tolerabilius</strong></span> 
     </span>
     <span class='ocr_line' id='line_1_19' title="bbox 56 1529 1422 1593; baseline -0.001 -16"><span class='ocrx_word' id='word_1_138' title='bbox 56 1531 201 1576; x_wconf 84' lang='lat' dir='ltr'><strong>adhuc</strong></span> <span class='ocrx_word' id='word_1_139' title='bbox 215 1568 226 1585; x_wconf 84' lang='lat'><strong>,</strong></span> <span class='ocrx_word' id='word_1_140' title='bbox 252 1530 353 1593; x_wconf 88' lang='lat' dir='ltr'><strong>quia</strong></span> <span class='ocrx_word' id='word_1_141' title='bbox 375 1529 445 1574; x_wconf 92' lang='lat' dir='ltr'><strong>ille</strong></span> <span class='ocrx_word' id='word_1_142' title='bbox 480 1539 661 1592; x_wconf 86' lang='lat' dir='ltr'><strong>putatur</strong></span> <span class='ocrx_word' id='word_1_143' title='bbox 682 1529 809 1574; x_wconf 83' lang='lat' dir='ltr'><strong>fuisse</strong></span> <span class='ocrx_word' id='word_1_144' title='bbox 838 1529 1079 1575; x_wconf 87' lang='lat' dir='ltr'><strong>catholicus</strong></span> <span class='ocrx_word' id='word_1_145' title='bbox 1097 1567 1108 1586; x_wconf 87' lang='lat'><strong>,</strong></span> <span class='ocrx_word' id='word_1_146' title='bbox 1131 1541 1257 1592; x_wconf 87' lang='lat' dir='ltr'><strong>atque</strong></span> <span class='ocrx_word' id='word_1_147' title='bbox 1279 1547 1325 1575; x_wconf 77' lang='lat' dir='ltr'><strong>ex</strong></span> <span class='ocrx_word' id='word_1_148' title='bbox 1348 1529 1422 1575; x_wconf 92' lang='lat' dir='ltr'><strong>illo</strong></span> 
     </span>
     <span class='ocr_line' id='line_1_20' title="bbox 55 1598 1422 1663; baseline 0 -18"><span class='ocrx_word' id='word_1_149' title='bbox 55 1617 195 1645; x_wconf 88' lang='lat' dir='ltr'><strong>errore</strong></span> <span class='ocrx_word' id='word_1_150' title='bbox 218 1609 446 1645; x_wconf 87' lang='lat' dir='ltr'><strong>correctus.</strong></span> <span class='ocrx_word' id='word_1_151' title='bbox 481 1598 645 1643; x_wconf 89' lang='lat' dir='ltr'><strong>Deinde</strong></span> <span class='ocrx_word' id='word_1_152' title='bbox 662 1598 980 1644; x_wconf 84' lang='lat' dir='ltr'><strong>Priscillianum</strong></span> <span class='ocrx_word' id='word_1_153' title='bbox 1007 1600 1122 1661; x_wconf 91' lang='lat' dir='ltr'><strong>(hoc</strong></span> <span class='ocrx_word' id='word_1_154' title='bbox 1142 1600 1257 1644; x_wconf 88' lang='lat' dir='ltr'><strong>enim</strong></span> <span class='ocrx_word' id='word_1_155' title='bbox 1277 1600 1422 1663; x_wconf 88' lang='lat' dir='ltr'><strong>sequi-</strong></span> 
     </span>
     <span class='ocr_line' id='line_1_21' title="bbox 56 1668 1419 1729; baseline -0.001 -13"><span class='ocrx_word' id='word_1_156' title='bbox 56 1681 128 1716; x_wconf 87' lang='lat' dir='ltr'><strong>tur</strong></span> <span class='ocrx_word' id='word_1_157' title='bbox 148 1671 192 1715; x_wconf 91' lang='lat' dir='ltr'><strong>in</strong></span> <span class='ocrx_word' id='word_1_158' title='bbox 214 1681 301 1715; x_wconf 89' lang='lat' dir='ltr'><strong>arte</strong></span> <span class='ocrx_word' id='word_1_159' title='bbox 318 1668 553 1714; x_wconf 87' lang='lat' dir='ltr'><strong>mentiendi</strong></span> <span class='ocrx_word' id='word_1_160' title='bbox 566 1670 581 1729; x_wconf 81' lang='grc'>&gt;</span> <span class='ocrx_word' id='word_1_161' title='bbox 597 1668 900 1714; x_wconf 81' lang='lat' dir='ltr'><strong>venerabiliter</strong></span> <span class='ocrx_word' id='word_1_162' title='bbox 914 1680 1327 1715; x_wconf 85' lang='lat' dir='ltr'><strong>commemoraturus</strong></span> <span class='ocrx_word' id='word_1_163' title='bbox 1341 1680 1419 1726; x_wconf 87' lang='lat' dir='ltr'><strong>est,</strong></span> 
     </span>
     <span class='ocr_line' id='line_1_22' title="bbox 54 1737 1427 1802; baseline -0.001 -17"><span class='ocrx_word' id='word_1_164' title='bbox 54 1740 276 1785; x_wconf 87' lang='lat' dir='ltr'><strong>hominem</strong></span> <span class='ocrx_word' id='word_1_165' title='bbox 308 1739 494 1801; x_wconf 90' lang='lat' dir='ltr'><strong>impium</strong></span> <span class='ocrx_word' id='word_1_166' title='bbox 529 1748 570 1782; x_wconf 90' lang='lat' dir='ltr'><strong>et</strong></span> <span class='ocrx_word' id='word_1_167' title='bbox 600 1737 895 1783; x_wconf 80' lang='lat' dir='ltr'><strong>detestabilem</strong></span> <span class='ocrx_word' id='word_1_168' title='bbox 915 1775 926 1794; x_wconf 87' lang='lat'><strong>,</strong></span> <span class='ocrx_word' id='word_1_169' title='bbox 953 1749 994 1784; x_wconf 89' lang='lat' dir='ltr'><strong>et</strong></span> <span class='ocrx_word' id='word_1_170' title='bbox 1025 1756 1105 1802; x_wconf 88' lang='lat' dir='ltr'><strong>pro</strong></span> <span class='ocrx_word' id='word_1_171' title='bbox 1139 1740 1224 1784; x_wconf 91' lang='lat' dir='ltr'><strong>suis</strong></span> <span class='ocrx_word' id='word_1_172' title='bbox 1254 1738 1427 1784; x_wconf 86' lang='lat' dir='ltr'><strong>nefariis</strong></span> 
     </span>
     <span class='ocr_line' id='line_1_23' title="bbox 57 1807 1425 1871; baseline -0.001 -16"><span class='ocrx_word' id='word_1_173' title='bbox 57 1809 288 1855; x_wconf 81' lang='lat' dir='ltr'><strong>sceleribus</strong></span> <span class='ocrx_word' id='word_1_174' title='bbox 306 1808 647 1870; x_wconf 87' lang='lat' dir='ltr'><strong>criminibusque</strong></span> <span class='ocrx_word' id='word_1_175' title='bbox 668 1807 934 1855; x_wconf 85' lang='lat' dir='ltr'><strong>damnatum.</strong></span> <span class='ocrx_word' id='word_1_176' title='bbox 961 1810 1012 1853; x_wconf 92' lang='lat' dir='ltr'><strong>In</strong></span> <span class='ocrx_word' id='word_1_177' title='bbox 1034 1826 1120 1871; x_wconf 85' lang='lat' dir='ltr'><strong>qua</strong></span> <span class='ocrx_word' id='word_1_178' title='bbox 1143 1813 1233 1869; x_wconf 88' lang='lat' dir='ltr'><strong>ejus</strong></span> <span class='ocrx_word' id='word_1_179' title='bbox 1252 1826 1425 1855; x_wconf 86' lang='lat' dir='ltr'><strong>venera-</strong></span> 
     </span>
     <span class='ocr_line' id='line_1_24' title="bbox 56 1877 1426 1934; baseline -0.001 -8"><span class='ocrx_word' id='word_1_180' title='bbox 56 1879 137 1926; x_wconf 83' lang='lat' dir='ltr'><strong>bili</strong></span> <span class='ocrx_word' id='word_1_181' title='bbox 171 1878 601 1932; x_wconf 87' lang='lat' dir='ltr'><strong>commemoratione,</strong></span> <span class='ocrx_word' id='word_1_182' title='bbox 641 1878 674 1922; x_wconf 88' lang='lat' dir='ltr'><strong>si</strong></span> <span class='ocrx_word' id='word_1_183' title='bbox 703 1877 814 1922; x_wconf 87' lang='lat' dir='ltr'><strong>forte</strong></span> <span class='ocrx_word' id='word_1_184' title='bbox 846 1877 941 1934; x_wconf 90' lang='lat' dir='ltr'><strong>ille,</strong></span> <span class='ocrx_word' id='word_1_185' title='bbox 965 1878 1036 1924; x_wconf 90' lang='lat' dir='ltr'><strong>cui</strong></span> <span class='ocrx_word' id='word_1_186' title='bbox 1059 1879 1163 1924; x_wconf 89' lang='lat' dir='ltr'><strong>retia</strong></span> <span class='ocrx_word' id='word_1_187' title='bbox 1191 1879 1426 1924; x_wconf 87' lang='lat' dir='ltr'><strong>tenduntur</strong></span> 
     </span>
     <span class='ocr_line' id='line_1_25' title="bbox 57 1946 1426 2009; baseline -0.001 -13"><span class='ocrx_word' id='word_1_188' title='bbox 57 1949 338 2009; x_wconf 85' lang='lat' dir='ltr'><strong>hujusmodi,</strong></span> <span class='ocrx_word' id='word_1_189' title='bbox 376 1949 525 1994; x_wconf 86' lang='lat' dir='ltr'><strong>firmus</strong></span> <span class='ocrx_word' id='word_1_190' title='bbox 559 1946 882 1992; x_wconf 86' lang='lat' dir='ltr'><strong>Priscillianista</strong></span> <span class='ocrx_word' id='word_1_191' title='bbox 910 1965 999 1993; x_wconf 87' lang='lat' dir='ltr'><strong>non</strong></span> <span class='ocrx_word' id='word_1_192' title='bbox 1030 1948 1169 1994; x_wconf 87' lang='lat' dir='ltr'><strong>fuerat</strong></span> <span class='ocrx_word' id='word_1_193' title='bbox 1187 1986 1197 2004; x_wconf 90' lang='lat'><strong>,</strong></span> <span class='ocrx_word' id='word_1_194' title='bbox 1223 1949 1308 1995; x_wconf 90' lang='lat' dir='ltr'><strong>hac</strong></span> <span class='ocrx_word' id='word_1_195' title='bbox 1336 1953 1426 2008; x_wconf 87' lang='lat' dir='ltr'><strong>ejus</strong></span> 
     </span>
     <span class='ocr_line' id='line_1_26' title="bbox 60 2016 1425 2082; baseline -0.001 -18"><span class='ocrx_word' id='word_1_196' title='bbox 60 2018 372 2082; x_wconf 85' lang='lat' dir='ltr'><strong>praedicatione</strong></span> <span class='ocrx_word' id='word_1_197' title='bbox 406 2016 665 2062; x_wconf 83' lang='lat' dir='ltr'><strong>firmabitur.</strong></span> <span class='ocrx_word' id='word_1_198' title='bbox 706 2018 819 2061; x_wconf 81' lang='lat' dir='ltr'><strong>Cum</strong></span> <span class='ocrx_word' id='word_1_199' title='bbox 844 2027 986 2062; x_wconf 89' lang='lat' dir='ltr'><strong>autem</strong></span> <span class='ocrx_word' id='word_1_200' title='bbox 1012 2016 1066 2062; x_wconf 90' lang='lat' dir='ltr'><strong>ad</strong></span> <span class='ocrx_word' id='word_1_201' title='bbox 1094 2028 1249 2063; x_wconf 80' lang='lat' dir='ltr'><strong>caetera</strong></span> <span class='ocrx_word' id='word_1_202' title='bbox 1274 2017 1425 2080; x_wconf 80' lang='lat' dir='ltr'><strong>explo-</strong></span> 
     </span>
     <span class='ocr_line' id='line_1_27' title="bbox 60 2085 1423 2150; baseline -0.002 -15"><span class='ocrx_word' id='word_1_203' title='bbox 60 2089 192 2135; x_wconf 86' lang='lat' dir='ltr'><strong>rantis</strong></span> <span class='ocrx_word' id='word_1_204' title='bbox 225 2105 362 2134; x_wconf 89' lang='lat' dir='ltr'><strong>sermo</strong></span> <span class='ocrx_word' id='word_1_205' title='bbox 397 2085 648 2150; x_wconf 85' lang='lat' dir='ltr'><strong>processerit</strong></span> <span class='ocrx_word' id='word_1_206' title='bbox 664 2121 674 2139; x_wconf 88' lang='lat'><strong>‚</strong></span> <span class='ocrx_word' id='word_1_207' title='bbox 702 2095 743 2129; x_wconf 87' lang='lat' dir='ltr'><strong>et</strong></span> <span class='ocrx_word' id='word_1_208' title='bbox 765 2085 947 2131; x_wconf 85' lang='lat' dir='ltr'><strong>dicentis</strong></span> <span class='ocrx_word' id='word_1_209' title='bbox 972 2086 1159 2131; x_wconf 88' lang='lat' dir='ltr'><strong>misereri</strong></span> <span class='ocrx_word' id='word_1_210' title='bbox 1186 2104 1226 2132; x_wconf 87' lang='lat' dir='ltr'><strong>se</strong></span> <span class='ocrx_word' id='word_1_211' title='bbox 1249 2103 1396 2132; x_wconf 88' lang='lat' dir='ltr'><strong>eorum</strong></span> <span class='ocrx_word' id='word_1_212' title='bbox 1412 2123 1423 2143; x_wconf 88' lang='lat'><strong>,</strong></span> 
     </span>
     <span class='ocr_line' id='line_1_28' title="bbox 61 2154 1428 2224; baseline -0.004 -17"><span class='ocrx_word' id='word_1_213' title='bbox 61 2178 170 2224; x_wconf 90' lang='lat' dir='ltr'><strong>quos</strong></span> <span class='ocrx_word' id='word_1_214' title='bbox 188 2159 317 2205; x_wconf 83' lang='lat' dir='ltr'><strong>tantis</strong></span> <span class='ocrx_word' id='word_1_215' title='bbox 339 2174 531 2202; x_wconf 88' lang='lat' dir='ltr'><strong>errorum</strong></span> <span class='ocrx_word' id='word_1_216' title='bbox 551 2154 737 2200; x_wconf 81' lang='lat' dir='ltr'><strong>tenebris</strong></span> <span class='ocrx_word' id='word_1_217' title='bbox 762 2156 1038 2201; x_wconf 87' lang='lat' dir='ltr'><strong>tenebrarum</strong></span> <span class='ocrx_word' id='word_1_218' title='bbox 1064 2167 1215 2202; x_wconf 88' lang='lat' dir='ltr'><strong>auctor</strong></span> <span class='ocrx_word' id='word_1_219' title='bbox 1239 2156 1428 2202; x_wconf 81' lang='lat' dir='ltr'><strong>involve-</strong></span> 
     </span>
     <span class='ocr_line' id='line_1_29' title="bbox 60 2224 1428 2289; baseline -0.004 -13"><span class='ocrx_word' id='word_1_220' title='bbox 60 2231 136 2285; x_wconf 76' lang='lat' dir='ltr'><strong>rit,</strong></span> <span class='ocrx_word' id='word_1_221' title='bbox 151 2240 199 2275; x_wconf 89' lang='lat' dir='ltr'><strong>ut</strong></span> <span class='ocrx_word' id='word_1_222' title='bbox 209 2229 419 2273; x_wconf 87' lang='lat' dir='ltr'><strong>honorem</strong></span> <span class='ocrx_word' id='word_1_223' title='bbox 437 2227 592 2286; x_wconf 79' lang='lat' dir='ltr'><strong>animae</strong></span> <span class='ocrx_word' id='word_1_224' title='bbox 605 2241 692 2270; x_wconf 84' lang='lat' dir='ltr'><strong>suae</strong></span> <span class='ocrx_word' id='word_1_225' title='bbox 711 2234 753 2269; x_wconf 86' lang='lat' dir='ltr'><strong>et</strong></span> <span class='ocrx_word' id='word_1_226' title='bbox 769 2224 1008 2270; x_wconf 85' lang='lat' dir='ltr'><strong>claritatem</strong></span> <span class='ocrx_word' id='word_1_227' title='bbox 1029 2224 1189 2271; x_wconf 81' lang='lat' dir='ltr'><strong>divinae</strong></span> <span class='ocrx_word' id='word_1_228' title='bbox 1212 2226 1428 2289; x_wconf 84' lang='lat' dir='ltr'><strong>prosapiae</strong></span> 
     </span>
     <span class='ocr_line' id='line_1_30' title="bbox 62 2294 1427 2359; baseline -0.004 -13"><span class='ocrx_word' id='word_1_229' title='bbox 62 2317 153 2347; x_wconf 89' lang='lat' dir='ltr'><strong>non</strong></span> <span class='ocrx_word' id='word_1_230' title='bbox 172 2307 415 2359; x_wconf 86' lang='lat' dir='ltr'><strong>agnoscant.</strong></span> <span class='ocrx_word' id='word_1_231' title='bbox 446 2298 560 2342; x_wconf 94' lang='lat' dir='ltr'><strong>Tum</strong></span> <span class='ocrx_word' id='word_1_232' title='bbox 583 2294 738 2340; x_wconf 83' lang='lat' dir='ltr'><strong>deinde</strong></span> <span class='ocrx_word' id='word_1_233' title='bbox 769 2295 947 2341; x_wconf 88' lang='lat' dir='ltr'><strong>Dictinii</strong></span> <span class='ocrx_word' id='word_1_234' title='bbox 980 2295 1143 2341; x_wconf 89' lang='lat' dir='ltr'><strong>librum</strong></span> <span class='ocrx_word' id='word_1_235' title='bbox 1159 2333 1169 2351; x_wconf 89' lang='lat'><strong><em>‚</em></strong></span> <span class='ocrx_word' id='word_1_236' title='bbox 1203 2300 1329 2355; x_wconf 88' lang='lat' dir='ltr'><strong>cujus</strong></span> <span class='ocrx_word' id='word_1_237' title='bbox 1352 2313 1427 2341; x_wconf 92' lang='lat' dir='ltr'><strong>no-</strong></span> 
     </span>
     <span class='ocr_line' id='line_1_31' title="bbox 62 2365 1429 2430; baseline -0.005 -13"><span class='ocrx_word' id='word_1_238' title='bbox 62 2387 164 2416; x_wconf 84' lang='lat' dir='ltr'><strong>men</strong></span> <span class='ocrx_word' id='word_1_239' title='bbox 185 2379 247 2415; x_wconf 89' lang='lat' dir='ltr'><strong>est</strong></span> <span class='ocrx_word' id='word_1_240' title='bbox 264 2368 397 2413; x_wconf 91' lang='lat' dir='ltr'><strong>Libra</strong></span> <span class='ocrx_word' id='word_1_241' title='bbox 414 2404 425 2422; x_wconf 93' lang='lat'><strong><em>‚</em></strong></span> <span class='ocrx_word' id='word_1_242' title='bbox 447 2384 495 2412; x_wconf 88' lang='lat' dir='ltr'><strong>co</strong></span> <span class='ocrx_word' id='word_1_243' title='bbox 515 2365 632 2430; x_wconf 87' lang='lat' dir='ltr'><strong>quod</strong></span> <span class='ocrx_word' id='word_1_244' title='bbox 662 2366 935 2428; x_wconf 83' lang='lat' dir='ltr'><strong>pertractatis</strong></span> <span class='ocrx_word' id='word_1_245' title='bbox 963 2365 1195 2411; x_wconf 88' lang='lat' dir='ltr'><strong>duodecim</strong></span> <span class='ocrx_word' id='word_1_246' title='bbox 1220 2367 1429 2428; x_wconf 83' lang='lat' dir='ltr'><strong>quaestio-</strong></span> 
     </span>
     <span class='ocr_line' id='line_1_32' title="bbox 64 2434 1425 2498; baseline -0.004 -13"><span class='ocrx_word' id='word_1_247' title='bbox 64 2440 196 2486; x_wconf 88' lang='lat' dir='ltr'><strong>nibus</strong></span> <span class='ocrx_word' id='word_1_248' title='bbox 219 2437 337 2484; x_wconf 75' lang='lat' dir='ltr'><strong>velut</strong></span> <span class='ocrx_word' id='word_1_249' title='bbox 360 2436 499 2482; x_wconf 88' lang='lat' dir='ltr'><strong>unciis</strong></span> <span class='ocrx_word' id='word_1_250' title='bbox 532 2434 769 2498; x_wconf 84' lang='lat' dir='ltr'><strong>explicatur</strong></span> <span class='ocrx_word' id='word_1_251' title='bbox 802 2435 933 2480; x_wconf 88' lang='lat' dir='ltr'><strong>tantis</strong></span> <span class='ocrx_word' id='word_1_252' title='bbox 963 2434 1159 2480; x_wconf 86' lang='lat' dir='ltr'><strong>extulerit</strong></span> <span class='ocrx_word' id='word_1_253' title='bbox 1196 2434 1425 2490; x_wconf 81' lang='lat' dir='ltr'><strong>laudibuS,</strong></span> 
     </span>
     <span class='ocr_line' id='line_1_33' title="bbox 67 2504 1432 2569; baseline -0.004 -13"><span class='ocrx_word' id='word_1_254' title='bbox 67 2520 117 2556; x_wconf 87' lang='lat' dir='ltr'><strong>ut</strong></span> <span class='ocrx_word' id='word_1_255' title='bbox 139 2508 268 2555; x_wconf 87' lang='lat' dir='ltr'><strong>talem</strong></span> <span class='ocrx_word' id='word_1_256' title='bbox 299 2507 474 2553; x_wconf 83' lang='lat' dir='ltr'><strong>Libram</strong></span> <span class='ocrx_word' id='word_1_257' title='bbox 490 2543 501 2562; x_wconf 94' lang='lat'><strong>,</strong></span> <span class='ocrx_word' id='word_1_258' title='bbox 530 2522 615 2569; x_wconf 90' lang='lat' dir='ltr'><strong>qua</strong></span> <span class='ocrx_word' id='word_1_259' title='bbox 646 2504 874 2551; x_wconf 67' lang='lat' dir='ltr'><strong>horrendae</strong></span> <span class='ocrx_word' id='word_1_260' title='bbox 895 2504 1181 2568; x_wconf 82' lang='lat' dir='ltr'><strong>blasphemiae</strong></span> <span class='ocrx_word' id='word_1_261' title='bbox 1204 2505 1432 2551; x_wconf 88' lang='lat' dir='ltr'><strong>continen-</strong></span> 
     </span>
     <span class='ocr_line' id='line_1_34' title="bbox 69 2574 1433 2637; baseline -0.004 -11"><span class='ocrx_word' id='word_1_262' title='bbox 69 2591 164 2636; x_wconf 80' lang='lat' dir='ltr'><strong>tur,</strong></span> <span class='ocrx_word' id='word_1_263' title='bbox 191 2577 336 2626; x_wconf 85' lang='lat' dir='ltr'><strong>multis</strong></span> <span class='ocrx_word' id='word_1_264' title='bbox 357 2575 572 2624; x_wconf 86' lang='lat' dir='ltr'><strong>librarum</strong></span> <span class='ocrx_word' id='word_1_265' title='bbox 592 2575 686 2623; x_wconf 86' lang='lat' dir='ltr'><strong>auri</strong></span> <span class='ocrx_word' id='word_1_266' title='bbox 705 2574 898 2623; x_wconf 88' lang='lat' dir='ltr'><strong>millibus</strong></span> <span class='ocrx_word' id='word_1_267' title='bbox 916 2574 1212 2637; x_wconf 85' lang='lat' dir='ltr'><strong>pretiosiorem</strong></span> <span class='ocrx_word' id='word_1_268' title='bbox 1236 2591 1323 2623; x_wconf 87' lang='lat' dir='ltr'><strong>esse</strong></span> <span class='ocrx_word' id='word_1_269' title='bbox 1346 2586 1433 2624; x_wconf 92' lang='lat' dir='ltr'><strong>tes-</strong></span> 
     </span>
    </p>
   </div>
  </div>
 </body>
</html>
