1758 3246
338 331 393 360 nr:
429 329 529 359 rmE
565 329 619 359 ΕΤ
655 327 882 369 erBoLo,
920 328 1007 358 Lis.
1055 328 1084 357 1.
1356 318 1409 362 31

42 393 173 459 quain
196 397 324 442 Pater
346 404 389 439 et
434 393 592 450 Filius,
619 393 692 439 sed
710 430 721 449 ,
766 404 814 439 ut
843 393 903 438 ita
927 392 1099 448 dicam,
1127 395 1418 441 consubstan—

41 465 154 511 tialis
168 475 486 511 etcoaeternus:
516 463 619 527 quia
637 463 717 508 ista
739 463 930 509 Trinitas
950 478 1062 508 unus
1078 472 1140 507 est
1166 463 1305 509 Deus:
1333 468 1421 512 non

42 547 90 580 ut
105 534 219 580 idem
243 535 297 580 sit
318 535 447 579 Pater
460 534 537 596 qui
560 545 601 578 et
628 532 760 578 Filius
780 544 821 578 et
840 533 1028 596 Spiritus
1047 542 1225 577 sanctus
1245 553 1256 586 ;
1283 535 1355 580 sed
1375 547 1422 581 ut

0 629 1 668 }
46 606 177 650 Pater
198 606 251 650 sit
280 605 424 659 Pater,
465 615 507 649 et
546 603 680 649 Filius
703 604 757 649 sit
783 604 942 659 Filius,
966 614 1008 648 et
1035 603 1223 665 Spiritus
1250 615 1422 650 sanctus

42 675 96 719 sit
115 674 304 737 Spiritus
331 685 505 720 sanctus
524 712 534 730 ,
567 685 608 719 et
643 673 742 719 haec
768 674 957 718 Trinitas
996 689 1108 718 unus
1151 673 1287 730 Deus,
1314 675 1425 720 sicut

0 731 1 783 l
40 743 255 806 scriptum
281 753 342 789 est
367 761 377 787 :
400 765 419 785 c<
445 742 576 800 Audi,
604 742 767 798 Israel,
791 742 1006 788 Dominus
1031 743 1147 787 Deus
1164 752 1280 798 tuus,
1306 745 1422 789 Deus

43 832 65 854 >2
91 808 201 859 unus
221 812 325 859 est1.
349 834 368 854 »
394 814 559 858 Tamen
576 813 609 858 si
629 813 946 872 interrogemur
977 812 1030 857 de
1059 812 1237 871 singulis
1255 849 1266 867 ‚
1290 823 1332 857 et
1350 812 1423 858 di-

42 883 334 928 caturnobis:
360 884 475 928 Deus
497 893 560 927 est
593 883 749 927 Pater?
769 881 1177 944 Respondebiinu5‚
1208 883 1337 928 Deus.
1367 883 1414 928 Si

41 962 268 1015 quaeratur
283 962 431 997 utrum
445 952 561 996 Deus
575 952 629 996 sit
647 951 781 996 Filius
799 971 810 1003 ;
832 951 920 997 hoc
934 950 1307 1013 respondebimus,
1334 954 1423 997 Nec

42 1022 76 1066 si
102 1021 233 1066 fuerit
258 1021 311 1066 de
356 1021 524 1084 Spiritu
569 1032 716 1067 sancto
746 1021 841 1066 talis
875 1021 1154 1081 interrogatio
1173 1058 1184 1077 ,
1214 1021 1302 1067 aliu
1325 1039 1426 1067 eum

42 1107 128 1136 esse
145 1089 354 1135 debemus
373 1090 633 1153 respondere
655 1106 790 1152 quam
821 1091 962 1135 Deum
984 1108 994 1134 ε
1042 1090 1322 1136 vehementer
1346 1109 1424 1137 ea-

40 1170 185 1206 ventes
207 1161 267 1205 sic
295 1160 489 1223 accipere
504 1197 515 1216 ,
535 1160 756 1223 quomodo
778 1160 831 1205 de
856 1161 1113 1205 hominibus
1131 1160 1301 1205 dictum
1322 1172 1383 1206 est
1407 1180 1418 1206 ι

42 1251 64 1271 «
83 1230 156 1275 Dii
181 1230 277 1274 estis
297 1231 337 1281 2„
363 1251 383 1270 »
407 1231 506 1274 Non
532 1230 645 1274 enim
672 1240 772 1274 sunt
806 1229 1062 1274 naturaliter
1096 1228 1158 1274 dii
1174 1266 1185 1284 ,
1213 1230 1422 1292 quicum-

43 1300 131 1363 que
158 1309 259 1344 sunt
276 1297 380 1343 facti
407 1309 535 1361 atque
560 1298 726 1344 conditi
748 1316 794 1343 ex
819 1299 948 1344 Patre
987 1316 1065 1362 per
1112 1297 1271 1343 Filium
1310 1299 1426 1345 dono

46 1369 236 1432 Spiritus
263 1368 414 1415 sancti.
469 1369 570 1431 Ipsa
609 1368 724 1412 enim
750 1368 1018 1428 significatur
1058 1368 1248 1413 Trinitas
1263 1405 1274 1424 ,
1320 1386 1423 1415 cum

48 1437 284 1501 Apostolus
303 1437 410 1483 dicit
427 1455 437 1482 :
453 1458 472 1478 c<
493 1437 713 1493 Quoniam
725 1454 771 1482 ex
785 1438 880 1499 ipso
891 1449 932 1482 et
951 1438 996 1482 in
1017 1439 1112 1500 ipso
1125 1448 1167 1482 et
1180 1454 1260 1499 per
1273 1438 1420 1500 ipsum

44 1527 68 1549 >2
87 1517 187 1552 sunt
209 1507 354 1552 onmia
377 1506 409 1552 ὃ.
429 1507 731 1569 »Quanquam
761 1524 860 1566 ergo
881 1507 934 1552 de
957 1507 1137 1567 singulis
1152 1507 1421 1566 interrogati,

5 1621 8 1624 ,
43 1575 382 1638 respondeamus
400 1577 544 1620 Deum
564 1592 650 1620 esse
672 1575 726 1620 de
750 1592 839 1638 quo
853 1577 1084 1638 quaeritur.
1111 1577 1198 1622 sive
1216 1578 1389 1621 Patrem
1406 1613 1416 1631 ‚

45 1645 133 1691 sive
156 1645 332 1701 Filium,
347 1645 434 1690 sive
449 1645 662 1708 Spiritum
689 1655 910 1699 sanctum3
938 1663 1025 1692 non
1045 1652 1190 1692 tamen
1208 1656 1291 1692 tres
1313 1645 1415 1690 deos

47 1732 72 1760 a
94 1714 222 1760 nobis
243 1714 329 1759 coli
347 1714 578 1776 quisquam
589 1714 907 1760 existimaverit.

111 1784 253 1830 XVII.
295 1785 385 1829 Nec
404 1784 564 1829 mirum
592 1783 713 1847 quod
733 1784 832 1829 haec
856 1784 909 1829 de
929 1784 1140 1829 ineffabili
1181 1796 1335 1832 natura
1354 1787 1428 1832 di·—

47 1865 226 1910 cuntur,
254 1871 356 1900 cum
381 1855 427 1899 111
446 1855 496 1899 iis
516 1855 646 1899 etiam
686 1855 844 1902 rebus.
887 1872 994 1918 quas
1025 1857 1248 1917 corporeis
1287 1858 1426 1903 oculis

48 1925 268 1971 cernimus
284 1961 295 1979 ‚
318 1935 360 1970 et
402 1941 616 1987 corporeo
638 1942 763 1970 sensu
802 1925 1098 1984 dijudicamus
1113 1962 1125 1981 ,
1158 1927 1241 1972 tale
1265 1927 1430 1991 aliquid

50 1994 234 2041 accidat.
260 1994 373 2039 Nam
393 2011 494 2039 cum
518 1995 571 2040 de
590 1994 709 2041 fonte
733 1996 983 2055 interrogati
1015 2012 1103 2040 non
1122 1996 1340 2058 possimus
1364 1997 1430 2042 di-

49 2082 144 2111 cere
160 2063 281 2128 quod
299 2064 392 2127 ipse
414 2065 468 2109 sit
486 2065 670 2119 fluvius;
695 2083 774 2111 nec
798 2066 851 2110 de
875 2065 1009 2112 fluvio
1035 2066 1291 2126 interrogati
1322 2085 1428 2130 pos-

49 2135 182 2180 simus
208 2150 306 2180 eum
330 2133 491 2179 fontem
516 2150 697 2188 vocare3
719 2147 762 2180 et
801 2152 975 2181 rursum
1001 2135 1226 2197 potionem
1248 2153 1350 2199 quae
1377 2138 1431 2183 de

50 2202 172 2249 fonte
195 2203 265 2249 vel
287 2202 423 2249 fluvio
442 2213 503 2248 est
515 2239 526 2258 ,
553 2220 633 2248 nec
656 2204 841 2250 fluvium
862 2205 1076 2267 possimus
1111 2205 1330 2268 appellare
1351 2225 1430 2252 nec

53 2272 245 2319 fontem:
265 2284 410 2318 tamen
420 2273 561 2318 inhac
577 2274 768 2320 trinitate
784 2291 941 2337 aquam
961 2274 1236 2320 nominamus
1248 2313 1259 2332 ‚
1276 2287 1432 2322 etcum

54 2342 108 2388 de
142 2342 320 2403 singulis
360 2343 589 2405 quaerstur,
627 2343 877 2402 singillatim
906 2361 1063 2407 aquam
1099 2345 1424 2408 respondemus,

55 2413 169 2459 Nam
219 2414 253 2458 si
287 2418 437 2476 quaero
472 2424 620 2459 utrum
659 2432 771 2478 aqua
796 2415 841 2459 in
861 2414 978 2460 fonte
999 2415 1077 2470 sit,
1123 2416 1427 2479 respondetur,

58 2484 194 2547 aqua3
227 2493 269 2528 et
291 2483 326 2528 si
347 2499 594 2546 quaeramus
638 2494 786 2530 utrum
826 2502 937 2548 aqua
967 2485 1022 2529 sit
1055 2484 1102 2530 in
1124 2485 1258 2531 fluvio
1277 2522 1289 2540 ,
1320 2485 1433 2530 nihil

60 2552 178 2599 aliud
196 2552 501 2616 respondetur,
521 2565 563 2600 et
584 2555 628 2600 in
652 2555 725 2601 illa
746 2556 925 2619 potione
954 2568 1043 2601 non
1064 2556 1225 2618 poterit
1242 2573 1329 2603 esse
1352 2556 1433 2619 alia

109 2635 122 2659 ¹
137 2638 234 2669 Deut.
251 2646 298 2675 vx,
317 2642 350 2673 4-
369 2634 441 2663 ...2
458 2638 539 2671 Psal.
556 2649 670 2679 Lxxxx,
687 2640 720 2673 6.
739 2655 784 2664 —
798 2636 812 2663 3
828 2642 923 2679 Ronn
944 2649 995 2682 xx,
1022 2638 1077 2670 36.
