1758 3246
312 288 403 333 502
734 304 770 334 S.
813 303 1059 335 AUGUSTINI
1094 305 1298 336 EPISCOPI

313 367 563 426 terrogavit,
597 369 720 431 quasi
747 372 939 416 nesciens
969 371 1090 435 quod
1120 373 1269 436 utique
1298 372 1474 420 sciebat.
1513 373 1574 419 Ae
1607 390 1685 436 per

310 436 398 481 hoc
420 437 581 483 nescire
601 456 643 484 se
669 440 807 495 finxit,
834 452 883 486 ut
905 441 1068 504 aliquid
1097 441 1213 487 aliud
1241 442 1313 487 illa
1336 442 1456 488 velut
1478 443 1684 502 ignoran-

311 506 370 552 tia
393 524 469 552 sua
491 508 752 569 significaret
773 528 784 555 ε
804 528 904 574 quoe
925 511 1181 570 significatio
1202 513 1408 575 quoniam
1429 529 1555 559 verax
1573 522 1681 568 erat,

310 577 585 624 mendacium
604 580 799 642 profecto
814 599 901 627 non
922 592 1025 628 erat.
1052 583 1136 627 Eos
1158 599 1343 646 namque
1359 582 1679 643 significabant,

310 647 395 693 sive
417 648 489 693 illa
512 649 676 695 fluxum
697 651 914 711 sanguinis
937 652 1124 714 patienS,
1150 651 1238 696 sive
1260 652 1331 697 ille
1354 664 1548 699 mortuus
1572 669 1684 715 qua—

310 718 553 776 triduanus,
581 737 689 782 quos
713 721 842 766 etiam
864 722 941 784 qui
967 732 1124 767 cuncta
1147 721 1311 767 sciebat
1335 722 1526 785 quodam
1550 721 1679 769 modo

308 789 539 835 nesciebat.
579 791 690 835 Bam
728 802 771 836 et
803 791 876 837 illa
904 802 1064 854 typum
1093 791 1268 851 gerebat
1301 792 1441 856 plebis
1467 794 1677 852 gentium,

309 858 424 903 unde
449 860 672 921 praemissa
698 860 838 907 fuerat
867 862 1102 925 prophetia
1127 879 1137 907 ε
1167 883 1188 903 «
1210 862 1405 926 Populus
1432 879 1558 925 quem
1594 879 1681 908 non

309 949 330 969 »
348 930 550 989 cognovi,
578 931 753 977 servivit
768 931 906 977 mihi1
930 950 941 978 :
968 954 987 974 »
1008 943 1050 978 et
1074 934 1260 978 Lazarus
1283 943 1472 978 remotus
1489 950 1513 977 a
1534 932 1683 978 viven-

308 999 425 1044 tibus
448 1010 657 1062 tanquam
681 1001 745 1047 ibi
767 1002 943 1061 jacebat
969 1020 1046 1066 per
1069 1002 1400 1062 significativam
1429 1001 1679 1048 similitudi-

310 1086 426 1125 nem,
452 1070 529 1115 ubi
548 1070 618 1116 ille
644 1075 767 1131 cujus
789 1089 870 1117 vox
891 1083 980 1118 est:
1000 1095 1020 1114 «
1036 1074 1259 1133 Projectus
1283 1090 1378 1118 sum
1399 1091 1420 1118 a
1440 1072 1549 1118 facie
1576 1089 1683 1118 ocu-

309 1161 330 1181 »
347 1139 492 1185 lorum
508 1141 726 1187 tuorum2.
745 1163 766 1183 »
780 1143 835 1186 Et
851 1142 949 1188 ideo
966 1154 1172 1206 tanquam
1190 1144 1425 1189 nesciretur
1442 1162 1463 1188 a
1484 1143 1679 1198 Christo,

308 1221 350 1255 et
370 1210 443 1255 illa
463 1227 561 1274 quae
587 1210 733 1265 fuerit,
760 1222 799 1257 et
821 1212 897 1257 iste
922 1212 1000 1258 ubi
1023 1213 1187 1275 positus
1211 1213 1360 1270 fuerit,
1381 1214 1524 1260 verbis
1546 1214 1683 1260 inter—-

308 1281 495 1340 rogantis
518 1292 579 1326 est
597 1282 850 1340 figuratum,
878 1293 920 1327 et
943 1299 1070 1333 omne
1093 1284 1276 1328 xitatum
1300 1283 1441 1329 veraci
1464 1283 1684 1342 significa-

310 1351 424 1397 tione
444 1352 738 1399 mendacium.

371 1423 578 1469 Molli.
621 1423 736 1469 Hinc
770 1433 832 1469 est
872 1423 1000 1469 etiam
1034 1423 1143 1469 illud
1181 1423 1301 1486 quod
1340 1423 1684 1470 commemorasti

309 1510 380 1538 eos
429 1493 599 1548 dicere,
629 1494 865 1545 Dominum
899 1494 1069 1549 Jesum,
1103 1505 1386 1558 posteaquam
1424 1494 1680 1550 resurrexit,

308 1563 550 1608 ambulasse
575 1563 621 1609 in
646 1561 797 1610 itinere
825 1580 924 1609 cum
948 1564 1120 1610 duobus
1143 1564 1395 1628 Discipulis‚
1420 1575 1462 1610 et
1485 1564 1677 1628 propin-

306 1634 547 1696 quantibus
581 1634 639 1679 eis
674 1634 848 1679 castello
884 1651 972 1697 quo
1005 1635 1152 1684 ibant.
1191 1634 1315 1680 illum
1350 1635 1520 1694 longius
1551 1651 1592 1679 se
1622 1633 1684 1679 ire

306 1705 472 1750 finxisse
500 1722 510 1749 ε
542 1705 620 1750 ubi
652 1705 922 1764 Evangelista
949 1705 1096 1751 dicens
1119 1723 1129 1750 ι
1151 1726 1170 1746 «
1191 1706 1289 1768 Ipse
1322 1715 1464 1750 autem
1494 1722 1536 1750 se
1564 1704 1686 1750 finxit

306 1775 515 1835 »longius
537 1775 649 1829 ire33
671 1796 690 1817 »
711 1776 839 1821 etiam
873 1777 1019 1839 ipsum
1047 1777 1231 1822 verbum
1254 1775 1419 1839 posuit,
1445 1792 1534 1838 quo
1557 1792 1684 1820 men-

307 1845 432 1892 daces
449 1845 634 1891 nimium
659 1845 947 1903 delectantur,
976 1857 1023 1892 ut
1044 1847 1224 1910 impune
1249 1846 1542 1892 mentiantur:
1564 1847 1686 1908 quasi

305 1916 583 1962 mendacium
607 1916 662 1962 sit
683 1933 811 1962 omne
833 1917 950 1980 quod
974 1918 1171 1978 fingitur,
1201 1934 1303 1963 cum
1325 1915 1535 1963 veraciter
1566 1915 1685 1979 aliud

307 2004 355 2032 ex
378 1986 462 2031 alio
486 1985 761 2045 significandi
786 2003 915 2032 causa
948 1997 1035 2032 tam
1070 1988 1208 2038 multa
1235 1988 1470 2046 fingantur.
1509 1985 1556 2038 Si
1585 2003 1685 2046 ergo

305 2055 420 2101 nihil
443 2054 562 2100 aliud
592 2056 873 2114 significasset
901 2058 1024 2103 Jesus
1048 2058 1095 2104 in
1120 2074 1169 2102 eo
1203 2056 1324 2120 quod
1349 2056 1519 2117 longius
1549 2055 1611 2101 ire
1642 2074 1686 2102 se

304 2125 444 2180 finxit,
476 2126 629 2170 merito
649 2125 927 2186 judicaretur
952 2145 1038 2173 esse
1061 2127 1510 2190 mendaciumzporro
1540 2136 1686 2172 autem

307 2195 344 2241 si
363 2195 474 2240 bene
496 2193 782 2254 intelligatur,
813 2207 853 2242 et
878 2197 933 2243 ad
952 2197 997 2243 id
1015 2196 1136 2261 quod
1158 2197 1299 2244 voluit
1315 2197 1558 2257 significare
1581 2194 1685 2241 refe—

309 2275 448 2321 ratur,
472 2264 694 2310 invenitur
712 2282 799 2311 esse
820 2267 1090 2329 mysterium.
1129 2266 1338 2330 Alioquin
1371 2275 1498 2311 erunt
1527 2274 1686 2312 cuneta

304 2333 548 2390 mendacia,
570 2351 671 2397 quae
686 2347 867 2399 propter
879 2337 1114 2400 quamdam
1134 2354 1277 2383 rerum
1295 2333 1681 2396 significandarum

307 2404 651 2461 similitudinem,
679 2423 780 2452 cum
809 2418 922 2466 gesta
948 2425 1036 2454 non
1067 2407 1177 2462 sint,
1207 2417 1416 2470 tanquam
1441 2415 1554 2467 gesta
1579 2423 1685 2451 nar-

309 2486 473 2522 rantur.
505 2475 629 2527 [nde
652 2487 714 2522 est
735 2476 809 2521 illa
827 2477 880 2523 de
896 2478 1069 2524 duobus
1094 2478 1220 2524 unius
1245 2475 1436 2541 ,hominis
1458 2475 1558 2529 filiis
1586 2493 1684 2522 ma-

303 2550 399 2607 j0re
423 2546 498 2610 qui
530 2548 686 2593 mansit
706 2548 824 2611 apud
854 2562 1023 2612 patrem
1044 2566 1189 2605 sunm,
1211 2559 1251 2594 et
1274 2548 1440 2612 minore
1462 2546 1538 2611 qui
1558 2543 1682 2615 longe

363 2629 570 2669 ¹Psa1.›.x11,
592 2632 645 2667 45.
667 2650 711 2655 -
728 2631 743 2653 '·’
762 2632 806 2663 Id.
823 2644 896 2669 xxx,
915 2636 968 2665 23.
985 2651 1026 2656 —
1048 2631 1060 2654 ’3
1082 2637 1155 2665 Luc.
1176 2644 1266 2674 nir,
1289 2634 1343 2663 28.
