1758 3246
330 284 413 330 186
743 300 777 329 s.
820 299 1061 329 Aueus‘rim
1099 300 1303 330 m‘tscom

321 364 374 409 de
390 363 512 410 malis
534 363 644 410 bene
658 363 804 411 faciat.
835 365 967 422 Quod
987 366 1101 411 enim
1109 369 1225 425 juste
1246 366 1296 410 fit
1316 402 1326 421 ‚
1350 365 1460 411 bene
1482 367 1548 421 fit.
1576 366 1700 414 Juste

323 444 464 479 autem
487 445 585 480 sunt
608 434 726 481 beati
749 435 872 490 boni,
907 446 949 480 et
970 440 1083 494 juste
1119 435 1220 481 mali
1260 452 1416 499 poenas
1445 436 1690 499 patiuntur.

319 506 433 564 Ergo
460 514 502 549 et
525 504 578 550 de
601 504 728 550 bonis
759 515 801 550 et
823 505 876 549 de
906 504 1029 550 malis
1060 505 1171 550 bene
1189 505 1294 551 facit
1320 507 1435 551 Deus
1453 543 1464 562 ,
1487 507 1699 570 quoniam

314 577 428 633 juste
464 574 606 619 omnia
626 573 744 620 facit.
778 574 887 619 Boni
912 584 1012 619 sunt
1049 583 1218 630 autem,
1256 575 1331 637 qui
1355 585 1442 620 tota
1476 575 1702 622 voluntate

318 646 409 690 Deo
424 645 614 690 serviunt
632 665 643 698 3
664 644 762 690 mali
781 656 923 689 autem
940 645 1187 689 necessitate
1200 645 1392 690 serviunt
1410 663 1421 690 z
1439 662 1566 691 nemo
1582 647 1702 692 enim
1752 671 1756 708 5

320 715 430 775 leges
457 716 587 762 Omni
593 715 781 778 potentis
798 715 957 761 evadit.
986 714 1069 760 Sed
1101 713 1219 760 aliud
1241 725 1304 760 est
1327 715 1465 761 faeere
1495 717 1617 780 quod
1637 716 1703 763 lex

315 787 472 846 jubet,
502 786 621 832 aliud
655 786 746 849 pati
767 785 887 848 quod.
906 785 971 831 lex
989 786 1129 845 jubet.
1171 785 1453 849 Quapropter
1489 786 1594 832 boni
1631 803 1702 833 se-

318 857 512 903 cundum
531 857 643 917 leges
662 856 849 912 faciunt,
875 855 978 901 mali
996 855 1236 900 seeundum
1256 855 1368 915 leges
1384 856 1629 919 patiuntur.

384 928 508 971 Vlll.
531 927 621 972 Nec
640 943 718 971 nos
729 936 901 971 moveat
914 962 925 981 ‚
952 924 1071 988 quod
1089 925 1135 971 in
1150 926 1235 971 hac
1253 926 1341 972 vita
1352 926 1594 972 secundum
1610 943 1704 972 car-

318 1014 434 1052 nem,
447 1013 576 1060 quam
591 1005 770 1059 portant
785 1032 796 1050 ‚
808 994 917 1054 justi
940 995 1080 1040 multa
1100 995 1248 1055 gravia
1267 1005 1310 1040 et
1330 1013 1479 1059 aspera
1499 996 1696 1043 tolerant.
1751 1002 1754 1021 ‘

323 1067 445 1112 Nihil
472 1067 585 1111 enim
610 1065 713 1110 mali
736 1066 982 1128 patiuntur,
1005 1065 1081 1127 qui
1100 1068 1192 1124 jam
1214 1076 1399 1127 possunt
1416 1065 1561 1111 dicere
1575 1065 1701 1129 quod
1751 1071 1754 1116 ἶ

325 1136 396 1181 ille
431 1137 498 1182 vir
525 1135 727 1199 spiritalis
745 1134 905 1179 exultat
937 1145 979 1179 et
998 1134 1214 1196 praedicat
1243 1135 1478 1196 Apostolus
1497 1171 1506 1189 ,
1522 1134 1699 1180 dieenst

317 1227 338 1247 «
358 1206 611 1252 Gloriamur
630 1205 676 1249 in
700 1204 1061 1250 tribulationibus
1081 1240 1091 1253 ,
1116 1203 1298 1248 scientes
1327 1204 1535 1266 quoniam
1554 1204 1704 1250 tribu-

317 1299 337 1319 »
357 1277 461 1322 latio
480 1277 738 1340 patientiam
766 1285 989 1338 operatur,
1006 1274 1215 1337 patientia
1239 1275 1547 1337 probationem
1565 1311 1577 1330 ,
1593 1291 1703 1338 pro-

318 1368 340 1390 »
357 1348 478 1393 batio
494 1364 591 1393 vero
603 1363 740 1409 spem,
757 1364 854 1409 spes
866 1357 1006 1391 autem
1019 1363 1106 1391 non
1115 1345 1346 1391 confundit
1361 1363 1372 1390 t
1390 1346 1492 1408 quia
1504 1346 1700 1392 charitas

318 1440 338 1460 »
351 1419 429 1463 Dei
455 1418 609 1463 diffusa
628 1426 690 1461 est
706 1417 752 1461 in
772 1416 1148 1461 eordibusnostris
1164 1432 1242 1478 per
1273 1415 1485 1478 Spiritum
1498 1427 1699 1462 sanctum

314 1510 336 1531 »
360 1489 437 1551 qui
464 1488 591 1532 datus
619 1496 680 1530 est
717 1485 842 1529 nobis
863 1484 897 1531 ¹¹.
925 1506 944 1525 υ
989 1485 1034 1529 Si
1052 1502 1153 1544 ergo
1169 1485 1216 1530 in
1232 1484 1317 1529 hac
1335 1485 1450 1540 vita,
1479 1486 1559 1532 ubi
1578 1496 1700 1532 tanta

314 1567 530 1602 tormenta
557 1566 656 1601 sunt
671 1592 680 1600 .
703 1564 887 1616 possunt
910 1554 1016 1599 boni
1034 1565 1076 1598 et
1090 1554 1196 1613 justi
1219 1554 1325 1609 viri,
1348 1571 1451 1600 cum
1485 1555 1590 1600 talia
1609 1573 1698 1619 pa-

312 1629 499 1682 tiuntur,
522 1644 610 1672 non
626 1625 764 1670 solum
776 1641 903 1687 aequo
929 1624 1073 1669 animo
1094 1623 1273 1669 tolerare
1288 1660 1298 1677 ‚
1315 1624 1389 1670 sed
1405 1625 1537 1670 etiam
1553 1625 1598 1670 in
1616 1625 1697 1671 Dei

312 1698 522 1743 charitate
545 1695 744 1755 gloriari3
773 1693 878 1756 quid
906 1693 1189 1753 cogitandum
1215 1704 1277 1738 est
1295 1693 1352 1739 de
1381 1693 1454 1739 illa
1487 1694 1577 1740 vita
1599 1711 1698 1758 quae

312 1768 440 1813 nobis
459 1765 746 1830 promittitur,
774 1764 852 1809 uhi
872 1763 1038 1809 nullam
1061 1764 1115 1809 de
1131 1781 1315 1827 corpore
1333 1764 1576 1811 molestiam
1597 1782 1696 1811 sen-

315 1839 495 1884 tie-mus?
519 1835 740 1893 Quoniam
764 1851 852 1879 non
872 1833 926 1879 ad
949 1833 1032 1879 hoe
1055 1844 1246 1893 resurget
1260 1851 1421 1897 corpus
1450 1839 1694 1894 justorum,

317 1909 370 1955 ad
394 1907 514 1971 quod
537 1915 728 1964 resurget
752 1921 914 1967 corpus
936 1904 1171 1966 impiorum
1194 1940 1204 1952 .
1232 1904 1344 1949 sicut
1377 1905 1592 1968 scriptum
1609 1915 1693 1950 est:

312 2000 332 2020 «
356 1980 519 2023 Omnes
537 1991 805 2034 resurgemus
819 2011 828 2029 ‚
852 1973 1025 2019 sednon
1041 1991 1187 2019 omnes
1208 1974 1587 2032 immutabimur?
1607 1995 1627 2016 >2
1642 1975 1699 2020 Et

314 2066 366 2095 ne
381 2048 612 2111 quisquam
635 2055 756 2108 putet
786 2061 872 2089 non
896 2044 1022 2103 justis
1052 2044 1401 2089 immutationem
1437 2044 1562 2090 istam
1588 2062 1697 2108 pro-

313 2118 452 2172 mitti,
470 2116 542 2161 sed
564 2115 709 2178 potius
726 2113 897 2172 injustis
919 2151 930 2169 ,
951 2124 992 2158 et
1009 2130 1101 2158 eam
1125 2113 1333 2158 existimet
1353 2130 1438 2158 esse
1456 2113 1697 2177 poenalem,

315 2188 508 2252 sequitur
529 2197 571 2230 et
593 2185 703 2230 dicit
730 2201 740 2228 ι
783 2205 802 2224 «
825 2184 880 2228 Et
904 2183 1064 2228 mortui
1094 2193 1316 2242 resurgent
1347 2183 1619 2247 incorrupti,
1655 2194 1697 2230 et

316 2280 335 2300 ›)
360 2275 438 2303 nos
462 2255 798 2302 immutabimur
813 2253 845 2299 3.
865 2274 885 2294 »
919 2254 1198 2315 Quicumque
1221 2270 1321 2313 ergo
1339 2253 1444 2299 mali
1465 2264 1592 2309 sunt‚
1635 2253 1696 2300 sic

316 2326 505 2374 ordinati
527 2336 654 2372 sunt:
684 2324 785 2386 quia
808 2333 849 2368 et
872 2323 1167 2386 unusquisque
1193 2323 1302 2379 sibi,
1335 2333 1376 2368 et
1395 2340 1544 2369 omnes
1573 2323 1695 2370 invi-

315 2416 407 2442 cem
441 2397 525 2442 sibi
564 2405 736 2442 nocent.
761 2395 857 2439 Hoc
886 2394 998 2439 enim
1029 2404 1270 2457 appetunt,
1313 2394 1433 2456 quod
1458 2394 1695 2457 perniciose

313 2469 526 2527 diligitur,
547 2477 588 2512 et
611 2465 732 2531 quod
753 2466 811 2510 eis
829 2464 956 2510 facile
978 2463 1134 2510 auferri
1151 2474 1293 2527 potest
1312 2484 1323 2517 ;
1345 2475 1387 2509 et
1404 2464 1492 2509 hoc
1509 2464 1593 2510 sibi
1613 2481 1693 2510 au-
1738 2492 1758 2513 ,ι

310 2539 453 2585 forant
477 2538 664 2583 invicem
686 2573 697 2591 ,
731 2535 907 2599 quando
933 2552 978 2580 se
1012 2546 1344 2598 persequuntur.
1368 2558 1371 2559 ⁷
1391 2535 1447 2579 Et
1469 2534 1567 2580 ideo
1586 2551 1693 2580 cru—

360 2623 485 2651 ¹1³on.
508 2633 537 2650 v.
555 2622 625 2653 3-5.
644 2635 683 2640 —-
700 2618 917 2657 ²1C‹›r.xv‚
939 2620 991 2649 51.
1013 2637 1054 2641 ω·
1078 2616 1268 2649 31bid..42.
