1758 3246
300 309 354 338 DE
390 305 628 338 comosus
664 304 978 348 ADULTER1N1s‚
1018 309 1104 339 Lm.
1147 310 1178 340 1.
1353 295 1447 357 393

73 372 316 428 moechari,
361 371 463 434 quia
495 371 782 417 fornicantem
811 371 989 434 reliquit
1018 389 1029 416 :
1056 373 1168 418 sicut
1196 373 1447 420 moechatur

72 442 150 505 qui
182 460 274 487 eam
305 457 404 504 quae
440 450 599 503 praeter
632 457 804 486 causam
841 440 1139 486 fornicationis
1173 443 1408 489 dimittitur
1435 480 1446 496 ‚

73 512 266 565 duxerit;
295 528 374 556 nec
404 510 500 555 ideo
525 527 613 555 non
638 511 890 556 moechatur
916 511 993 573 qui
1013 527 1104 555 eam
1129 511 1281 567 ducit,
1319 531 1452 575 quam

71 583 290 628 dimissam
306 592 484 644 propter
502 598 675 626 causam
687 581 987 626 fornicationis
1001 581 1226 627 invenerit.
1247 583 1301 627 Et
1318 601 1451 646 prop-

72 663 184 697 terea
201 651 320 714 quod
333 651 603 697 subobscure
622 652 739 713 apud
752 651 1016 696 Matthaeum
1037 651 1229 713 positum
1247 662 1326 708 cst,
1342 670 1450 715 quo-

3 725 6 779 }
72 722 188 767 niam
209 731 348 766 totum
369 738 393 766 a
411 732 532 784 parte
548 721 839 781 significatum
854 731 916 766 est
936 757 947 776 ,
970 721 1211 784 expositum
1232 738 1317 767 esse
1333 723 1452 784 apud

72 791 175 837 alios
194 828 206 847 ‚
235 791 312 853 qui
337 801 475 836 totum
508 790 761 850 generaliter
783 802 1080 854 expresserunt
1114 809 1124 836 :
1156 791 1267 837 sicut
1296 792 1453 851 legitur

72 861 191 923 apud
217 862 416 906 Marcum
441 879 451 906 :
472 862 789 924 «Quicumque
809 861 1020 907 dimiserit
1043 879 1216 907 uxorem
1239 879 1361 907 suam
1378 899 1388 918 ‚
1411 873 1453 907 et

72 951 93 970 υ
118 930 245 976 aliam
269 930 464 985 duxerit,
493 930 755 976 adulterium
781 931 1014 976 committit
1034 930 1069 977 1.
1095 952 1117 972 »
1144 932 1199 976 Et
1219 931 1337 994 apud
1357 934 1452 976 Lu-

71 1017 165 1046 cam
195 1019 206 1045 ε
233 1002 421 1046 «Omnis
440 1001 518 1065 qui
541 1001 724 1046 dimittit
742 1018 914 1046 uxorem
935 1019 1055 1047 suam
1070 1039 1081 1057 ‚
1120 1012 1162 1046 et
1194 1002 1318 1046 ducit
1343 1002 1451 1046 alte-

72 1091 93 1112 »
116 1087 206 1114 ram
226 1105 238 1125 ‚
268 1070 591 1116 1noeehatur2.»
613 1071 710 1116 Non
733 1071 847 1115 enim
869 1070 972 1115 alios
989 1071 1191 1114 dixerunt
1212 1071 1447 1118 moechari.

73 1140 175 1185 alios
193 1157 281 1184 non
307 1140 544 1195 moechari,
573 1141 647 1202 qui
673 1140 859 1185 dimissis
892 1139 1097 1184 uxoribus
1130 1139 1216 1184 suis
1253 1140 1455 1186 duxerint

71 1208 256 1262 alteras;
283 1209 356 1254 sed
385 1209 654 1270 quicumque
679 1207 893 1252 dimiserit
913 1244 923 1262 ‚
961 1224 1134 1253 omnem
1162 1225 1339 1270 prorsus
1371 1210 1451 1272 qui

71 1277 280 1322 dimiserit
300 1293 471 1321 uxorem
498 1292 618 1320 suam
638 1313 648 1331 ,
671 1286 714 1320 et
732 1275 859 1320 aliam
885 1276 1083 1332 duxerit,
1106 1277 1326 1322 moechari
1351 1295 1452 1324 eum

70 1347 159 1391 sine
178 1345 265 1391 ulla
287 1346 536 1407 exceptione
550 1345 764 1391 dixerunt.

135 1416 299 1461 XXIX.
343 1415 428 1459 Sed
448 1414 481 1458 si
504 1414 601 1459 haec
621 1414 692 1458 ille
711 1414 988 1459 Christianus
1012 1415 1285 1478 responderit
1310 1425 1454 1461 tenta-

71 1485 155 1530 tori
171 1523 181 1540 ‚
207 1484 447 1543 intelligens
471 1484 639 1529 licuisse
655 1484 834 1546 quidem
853 1484 935 1529 sibi
953 1485 1172 1530 dimittere
1191 1486 1450 1542 adulteram,

73 1555 147 1599 sed
171 1554 300 1599 aliam
320 1554 479 1599 ducere
499 1570 587 1598 non
609 1553 736 1598 licere
760 1573 771 1606 3
792 1553 901 1615 quid
922 1555 956 1598 si
982 1553 1101 1599 dicat
1126 1554 1196 1599 ille
1231 1565 1418 1600 tentator
1439 1574 1450 1600 ε

74 1624 309 1669 Committe
328 1623 414 1668 hoc
436 1633 666 1686 peccatum
685 1660 695 1677 ,
724 1633 772 1667 ut
793 1623 990 1685 acquiras
1009 1624 1197 1668 animam
1219 1624 1394 1670 Christo
1408 1625 1454 1670 in

71 1705 209 1739 morte
227 1693 492 1738 infidelitatis
505 1693 657 1755 positae
673 1692 871 1737 foeminae
887 1729 898 1748 ‚
920 1710 1020 1755 quae
1041 1705 1191 1756 parata
1216 1705 1295 1750 est,
1320 1695 1352 1739 si
1376 1696 1455 1739 tibi

71 1763 268 1826 nupserit
291 1799 303 1819 ,
332 1763 423 1807 ficri
451 1762 701 1807 Christiana
730 1779 740 1806 :
767 1761 875 1824 quid
911 1762 1029 1807 aliud
1060 1763 1335 1809 Christianus
1359 1782 1455 1809 res-

72 1831 262 1894 pondere
283 1831 338 1877 ad
359 1832 439 1877 ista
462 1831 592 1876 debet
608 1841 651 1875 et
675 1831 818 1876 dicere
832 1868 843 1886 ‚
868 1831 948 1876 nisi
967 1849 1008 1877 se
1027 1849 1115 1877 non
1133 1850 1256 1896 posse
1271 1871 1281 1888 ,
1309 1835 1344 1879 si
1367 1835 1454 1879 hoc

68 1901 215 1946 fecerit
232 1938 243 1956 ‚
264 1900 444 1946 evadere
463 1900 683 1960 judicium
699 1937 709 1956 ‚
733 1900 853 1963 quod
879 1904 1237 1949 commemoravit
1263 1906 1453 1966 Aposto-

68 1970 134 2016 lus
161 1971 239 2015 ubi
268 1970 328 2015 ait
356 1987 367 2014 ε
395 1971 482 2014 «Et
508 1970 619 2014 sicut
643 1969 799 2015 dicunt
824 1970 1003 2032 quidam
1028 1988 1106 2016 nos
1130 1972 1272 2017 dicere
1296 1991 1306 2017 ε
1331 1995 1351 2014 «
1370 1976 1453 2019 Fa-

68 2062 91 2082 »
117 2041 282 2086 ciamus
296 2039 407 2086 mala
419 2077 430 2096 ‚
448 2050 496 2084 ut
510 2039 685 2085 veniant
705 2040 840 2095 bona,
855 2057 1040 2103 quorum
1056 2041 1273 2100 judicium
1283 2047 1452 2103 justum

70 2132 91 2151 »
116 2121 180 2155 est
196 2112 245 2156 ³9
267 2131 288 2152 n
318 2109 552 2166 Quomodo
577 2120 720 2155 autem
743 2111 905 2172 poterit
928 2127 1014 2155 esse
1041 2112 1273 2158 salubriter
1292 2114 1451 2160 Chris--

69 2181 185 2226 tiana
208 2197 310 2243 quae
333 2197 434 2225 cum
451 2180 527 2225 illo
552 2198 575 2226 a
596 2197 684 2244 quo
709 2181 890 2227 ducitur
909 2181 989 2227 erit
1013 2182 1208 2229 adultera
1227 2187 1245 2230 Ρ

135 2252 274 2296 XXX.
318 2252 417 2296 Non
432 2250 571 2296 solum
592 2262 734 2296 autem
755 2251 1071 2298 moechandum
1091 2271 1180 2299 non
1200 2265 1262 2299 est
1284 2291 1296 2311 ‚
1328 2257 1450 2318 quod

73 2320 178 2367 facit
197 2356 208 2376 ,
235 2337 324 2365 non
349 2320 526 2382 quidam
543 2356 554 2376 ‚
578 2320 652 2365 sed
671 2321 810 2366 omnis
829 2321 906 2385 qui
924 2321 1106 2368 dimittit
1117 2340 1291 2369 uxorem
1311 2343 1451 2383 suam,

74 2401 117 2436 et
138 2390 262 2435 ducit
283 2390 459 2435 alteram
475 2427 486 2445 ,
507 2391 584 2436 etsi
602 2402 834 2454 propterea
854 2392 1024 2438 duxerit
1051 2404 1099 2439 ut
1126 2393 1258 2439 faciat
1293 2395 1452 2442 Chrism

73 2461 249 2506 tianam.
277 2460 362 2505 Sed
384 2461 513 2507 etiam
531 2462 727 2524 quisquis
747 2479 835 2507 non
859 2463 1042 2521 aligatus
1067 2465 1189 2509 uxori
1217 2465 1448 2512 continen-

71 2532 175 2577 tiam
190 2531 282 2576 Deo
305 2532 498 2588 voverit,
526 2531 646 2578 nullo
668 2533 799 2579 niodo
825 2533 958 2580 debet
989 2534 1068 2579 ista
1093 2537 1446 2600 compensatione

121 2620 131 2641 ¹
152 2620 251 2651 Mare.
267 2630 300 2658 x,
320 2630 432 2651 11.—
448 2618 464 2641 ²
483 2622 548 2652 Luc
581 2631 649 2664 xm,
675 2623 729 2656 18,
757 2641 797 2648 —
818 2620 833 2644 3
856 2624 949 2655 Rom,
968 2633 1026 2666 111,
1044 2624 1076 2656 3.
