1758 3246
296 252 386 296 312
714 263 746 290 s.
793 261 1035 294 Aueusrrm
1071 266 1271 297 Eprscopi

360 327 571 373 XXMH.
616 328 729 371 Cum
753 343 852 386 ergo
872 328 1131 376 Christianis
1160 332 1364 377 omnibus
1384 331 1665 377 custodienda

295 399 349 443 sit
381 395 631 453 humilitas,
661 397 1017 460 quandoquidem
1043 419 1067 445 a
1103 402 1280 447 Christo
1323 401 1561 446 Christiani
1587 418 1666 464 ap-

296 466 539 531 pellantur,
567 470 691 526 cujus
716 468 997 526 Evangelium
1028 487 1155 515 nemo
1193 472 1420 530 diligenter
1452 471 1664 525 intuetur,

294 537 475 600 quinon
497 553 596 581 eum
615 536 840 582 doctorem
864 537 1123 584 'humilitatis
1143 541 1359 594 inveniat3
1379 552 1469 586 tum
1490 540 1669 585 maxime

296 606 467 652 virtutis
492 606 624 665 hujus
649 616 875 651 sectatores
901 618 943 651 et
965 620 1285 654 conservatores
1307 627 1377 655 eos
1395 627 1480 655 esse
1508 626 1669 654 conve-

296 677 384 732 nit,
407 676 484 739 qui
509 693 666 734 magno
687 674 831 737 aliquo
851 676 967 721 bono
988 678 1153 722 caeteris
1175 679 1365 723 eminent
1380 715 1390 726 .
1419 689 1466 724 ut
1486 695 1670 737 magno-

296 763 397 808 pere
414 756 568 791 eurent
591 744 701 790 illud
724 745 844 807 quod
875 746 1078 808 primitus
1100 748 1227 809 posui
1254 766 1265 792 z
1306 770 1326 789 «
1347 749 1524 804 Quanto
1545 763 1671 806 mag—

297 838 318 858 »
339 833 419 861 nus
449 832 490 860 es
509 852 520 870 ,
561 825 682 860 tanto
714 815 898 861 humilia
933 827 974 860 te
1006 817 1050 860 in
1083 818 1313 873 omnibus,
1338 828 1380 862 et
1404 834 1552 862 eoram
1578 817 1670 861 Deo

298 906 319 928 ›>
337 884 526 930 invenies
544 883 770 943 gratiam‘l.
791 906 812 926 »
831 885 1019 930 Proinde
1038 887 1139 948 quia
1156 898 1368 949 perpetua
1385 885 1669 940 continentia,

296 954 565 1016 maximeque
604 955 856 1013 virginitas,
902 972 1109 1014 magnum
1148 957 1317 1002 bonum
1351 967 1414 1002 est
1451 957 1496 1001 in
1520 956 1677 1000 sanctis

298 1025 409 1080 Dei,
436 1023 760 1083 vigilantissime
797 1024 1042 1070 cavendum
1067 1037 1127 1070 est
1154 1044 1208 1071 ne
1235 1026 1441 1088 superbia
1477 1041 1678 1071 corrum-

299 1105 445 1158 patur.

307 1205 311 1207 a
366 1163 567 1210 XXXIV.
611 1166 810 1209 Curiosas
836 1176 877 1209 et
900 1166 1102 1210 verbosas
1124 1165 1260 1210 malas
1292 1166 1501 1227 innuptas
1520 1165 1682 1210 Paulus

303 1233 522 1296 apostolus
547 1244 668 1279 notat
684 1271 694 1288 ,
721 1244 762 1278 et
782 1234 868 1279 hoe
888 1235 1043 1279 vitium
1066 1233 1212 1278 venire
1235 1234 1344 1279 dicit
1364 1251 1410 1278 ex
1436 1235 1541 1279 otio.
1572 1254 1593 1274 «
1617 1234 1682 1279 Si-

304 1324 324 1344 »
345 1304 438 1349 mul
461 1315 623 1360 autem,
644 1304 805 1366 inquit,
829 1315 871 1349 et
889 1305 1038 1349 otiosae
1059 1303 1233 1348 discunt
1253 1305 1483 1349 circumire
1505 1303 1680 1355 domos;

306 1396 325 1415 »
344 1392 432 1420 non
471 1375 610 1420 solum
635 1385 778 1420 autem
803 1375 951 1420 otiosae
969 1411 980 1429 ,
1008 1375 1290 1419 verumetiam
1312 1374 1494 1419 euriosae
1516 1385 1558 1418 et
1582 1391 1683 1419 ver-

307 1465 326 1484 »
346 1444 492 1498 bosae,
519 1444 744 1506 loquentes
776 1461 876 1506 quae
907 1461 995 1488 non
1031 1453 1216 1505 oportet.
1242 1464 1262 1484 »
1296 1445 1360 1488 De
1393 1443 1462 1488 his
1489 1443 1685 1506 superius

305 1513 468 1558 dixerat
494 1530 504 1556 ε
545 1534 566 1554 «
586 1514 789 1558 Juniores
820 1524 964 1558 autem
989 1512 1144 1557 viduas
1178 1513 1304 1559 evita.
1348 1514 1461 1558 Cum
1495 1513 1684 1558 enim'in

306 1606 326 1625 »
348 1582 512 1628 deliciis
545 1583 734 1642 egerint,
772 1584 817 1628 in
858 1582 1035 1628 Christo
1068 1584 1231 1628 nubere
1260 1583 1438 1635 volunt3
1476 1584 1686 1628 habentes

307 1652 668 1697 »damnationem
689 1690 699 1708 ,
730 1654 937 1716 quoniam
972 1653 1157 1715 primam
1199 1654 1328 1698 fidem
1365 1654 1532 1698 irritam
1569 1653 1686 1698 fece-

308 1744 328 1764 »
348 1723 480 1767 runt2
506 1740 516 1766 ι
542 1745 560 1763 »
584 1722 630 1767 id
655 1734 717 1767 est
734 1760 744 1778 ,
765 1723 811 1767 in
835 1740 883 1767 eo
911 1722 1031 1785 quod
1057 1723 1202 1784 primo
1227 1733 1459 1778 voverant,
1486 1739 1573 1767 non
1599 1733 1688 1767 ste-

310 1802 468 1838 terunt.
501 1793 592 1837 Nec
613 1803 753 1837 tamen
779 1793 864 1847 ait,
885 1793 1090 1844 nubunt3
1114 1792 1187 1836 sed
1206 1829 1217 1838 .
1242 1813 1261 1833 «
1284 1793 1458 1837 Nubere
1476 1792 1643 1839 volunt.
1667 1813 1689 1833 »

312 1862 473 1907 Multas
491 1862 605 1907 enim
630 1880 780 1908 earum
804 1873 978 1907 revocat
1006 1880 1028 1906 a
1050 1862 1282 1918 nubendo,
1309 1880 1395 1907 non
1423 1879 1543 1907 amor
1569 1878 1689 1924 prae—

313 1931 416 1976 clari
458 1932 700 1994 propositi,
742 1931 815 1976 sed
844 1932 982 1994 aperti
1006 1931 1227 1976 dedecoris
1257 1932 1415 1986 timor,
1452 1930 1625 1976 veniens
1650 1941 1692 1976 et

312 2001 405 2064 ipse
429 2000 482 2046 de
506 2001 734 2063 superbia,
762 2019 848 2064 qua
874 2000 1137 2046 formidatur
1162 2001 1296 2059 magis
1320 2001 1576 2046 hominibus
1598 2000 1691 2046 dis-

312 2069 498 2133 plicere,
539 2088 671 2133 quam
708 2072 816 2119 Deo.
852 2072 934 2116 Hae
965 2071 1098 2130 igitur
1121 2087 1222 2133 quae
1253 2071 1418 2115 nubere
1445 2069 1628 2126 volunt,
1651 2079 1693 2115 et

311 2140 408 2186 ideo
427 2158 515 2186 non
535 2142 712 2187 nubunt
735 2142 839 2205 quia
861 2142 1040 2204 impune
1066 2159 1153 2186 non
1177 2152 1381 2204 possunt,
1408 2158 1507 2203 quae
1539 2140 1693 2186 melius

313 2211 531 2256 nuberent
550 2228 682 2274 quam
709 2222 953 2266 urerentur,
978 2210 1023 2256 id
1050 2222 1136 2267 est,
1164 2228 1297 2274 quam
1325 2211 1498 2256 occulta
1517 2210 1694 2255 flamma

316 2281 683 2344 concupiscentiae
700 2282 747 2326 in
762 2283 857 2345 ipsa
877 2282 1140 2327 conscientia
1158 2292 1430 2326 vastarentur
1443 2317 1454 2336 ,
1476 2297 1582 2343 quas
1599 2295 1694 2342 poe-

314 2350 422 2395 nitet
446 2349 746 2413 professionis,
785 2361 827 2396 et
857 2351 977 2414 piget
1010 2350 1289 2396 confessionis
1307 2387 1317 2406 ,
1344 2349 1427 2395 nisi
1451 2359 1695 2395 correctum

318 2437 393 2466 cor
415 2419 630 2480 dirigant,
653 2432 695 2466 et
716 2421 796 2466 Dei
821 2420 977 2481 timore
999 2437 1145 2466 rursus
1166 2420 1395 2465 libidinem
1419 2419 1622 2474 vincant,
1649 2419 1696 2464 in

318 2491 500 2537 mortuis
529 2491 796 2556 deputandae
825 2501 954 2546 sunt,
991 2492 1077 2538 sive
1112 2492 1157 2536 in
1193 2490 1358 2536 deliciis
1391 2500 1546 2550 agant,
1580 2488 1695 2536 unde

371 2574 703 2613 ¹Ec‹·li.111‚uo.-
722 2574 736 2596 ‘²
755 2588 766 2606 1
784 2575 866 2607 Tim.
883 2586 912 2613 v,
934 2578 1053 2607 1345.
