1726 3246
0 413 5 564 3
88 377 183 476 s,
246 377 580 478 ΑΜΒ.
646 379 1451 484 AUGUSTINI

456 608 813 648 JHPPONENSJS
843 609 1084 648 EPISCOPI

168 752 244 798 DE
281 753 417 798 FIDE
455 754 671 801 RERUM
711 755 842 812 QUAE
879 756 1006 803 NON
1044 757 1374 818 VIDENTER,

606 922 735 951 LlssEn
772 923 886 953 uuus
911 907 943 953 ¹1.

91 1250 133 1277 IN
156 1249 232 1276 Hoc
259 1249 380 1275 LIBRO
401 1249 731 1276 DEMONSTRATUR
766 1249 843 1276 Nos
867 1250 907 1277 IN
943 1251 1195 1278 CHRISTIANA
1225 1253 1463 1286 RELIGIONE,

149 1333 228 1361 NON
252 1333 466 1361 CULPABILI
488 1333 759 1360 TEMERITATE
775 1352 785 1367 ‚
812 1335 883 1361 SED
907 1334 1128 1361 LAUDABILI
1154 1336 1248 1362 FIDE
1275 1336 1462 1365 CREDERB

147 1419 243 1453 RES,
278 1419 382 1451 QUAS
415 1418 557 1446 OCULlS
593 1418 765 1445 Nosuffls
798 1418 881 1447 NON
914 1419 1105 1447 VIDEMUS.

153 1573 191 1621 Ι.
242 1573 361 1619 SUNT
393 1573 469 1636 qui
508 1583 668 1636 putant
704 1572 990 1619 christianam
1031 1573 1285 1633 religionem
1322 1591 1465 1638 prop-

26 1700 29 1703 ,
90 1654 202 1690 terea
236 1643 460 1689 ridendam
498 1645 639 1706 potius
683 1661 813 1706 quam
863 1643 1123 1698 tenendam,
1156 1643 1257 1706 quia
1296 1644 1343 1689 in
1383 1663 1429 1689 ea
1451 1682 1462 1701 ‚

86 1731 175 1760 non
198 1730 262 1759 res
296 1730 395 1776 quae
430 1712 628 1759 videatur
657 1712 914 1769 ostenditur,
947 1712 1020 1758 sed
1052 1712 1159 1758 fides
1190 1730 1333 1759 rerum
1367 1731 1466 1776 quae

86 1802 174 1830 non
209 1783 412 1830 videntur
434 1821 445 1840 ,
488 1783 743 1829 hominibus
772 1783 1025 1847 imperatur.
1067 1783 1153 1828 Ros
1180 1800 1279 1843 ergo
1305 1784 1358 1829 ad
1388 1785 1468 1829 hos

85 1854 340 1900 refellendos
366 1891 377 1911 ,
432 1854 508 1918 qui
552 1854 790 1918 prudenter
836 1854 918 1900 sibi
960 1853 1164 1899 videntur
1209 1853 1322 1899 nolle
1371 1871 1468 1900 cre-

86 1924 204 1980 dere,
231 1924 350 1988 quod
373 1923 518 1969 videre
537 1942 624 1969 non
652 1934 850 1988 possunt,
874 1924 950 1969 etsi
973 1941 1059 1969 non
1090 1924 1281 1969 valemus
1302 1925 1464 1970 huma-

85 1995 151 2040 nis
190 1996 435 2059 aspectibus
468 2007 706 2041 monstrare
743 1996 891 2041 divina
918 2012 1017 2058 quae
1057 1995 1292 2052 credimus,
1323 2007 1468 2042 tamen

85 2065 287 2112 humanis
304 2067 524 2112 mentibus
548 2068 675 2112 etiam
701 2066 774 2112 illa
798 2083 896 2130 quae
917 2084 1005 2112 non
1023 2066 1228 2112 videntur
1251 2066 1467 2113 credenda

85 2152 171 2181 esse
207 2148 509 2182 monstramus.
553 2144 613 2181 Ac
641 2137 833 2200 primum
870 2136 966 2193 isti,
1007 2154 1114 2200 quos
1146 2137 1281 2182 oculis
1303 2138 1467 2183 carneis

84 2206 145 2251 sic
169 2206 351 2252 stultitia
379 2205 482 2251 fecit
501 2206 724 2262 obnoxios,
753 2218 800 2252 ut
818 2207 938 2270 quod
956 2224 1035 2270 per
1057 2225 1126 2253 eos
1143 2225 1230 2253 non
1255 2219 1461 2259 cernunt,

85 2293 173 2322 non
218 2276 300 2322 sibi
336 2276 576 2322 existiment
610 2295 696 2322 esse
734 2277 1019 2333 credendum,
1063 2278 1325 2324 admonendi
1366 2288 1466 2324 sunt

86 2365 215 2412 quam
248 2347 385 2393 multa
418 2365 504 2393 non
540 2348 678 2393 solum
710 2349 907 2404 credant,
950 2367 1101 2395 Verum
1138 2350 1265 2395 etiam
1305 2350 1458 2406 sciant,

86 2436 184 2482 quae
205 2418 366 2465 talibus
385 2418 522 2464 oculis
545 2419 680 2465 videri
699 2438 785 2466 non
808 2432 1002 2484 possunt.
1030 2421 1141 2477 Quae
1168 2438 1268 2466 cum
1287 2421 1371 2465 sint
1389 2421 1460 2466 in—

85 2489 372 2536 numerabilia
402 2489 447 2534 in
487 2489 580 2553 ipso
620 2491 762 2536 animo
790 2502 954 2548 nostro,
981 2495 1106 2551 cujus
1137 2490 1365 2536 invisibilis
1400 2501 1462 2537 est

134 2591 145 2615 ¹
164 2591 304 2635 Scriptus
320 2596 391 2635 post
409 2601 525 2623 aunum
549 2592 629 2632 399.
649 2610 692 2615 —
709 2590 724 2613 2
742 2591 827 2623 Vide
840 2595 879 2624 D.
894 2593 1036 2631 Guillon,
1051 2598 1126 2622 10111,
1142 2602 1213 2632 xxt,
1233 2601 1266 2634 p.
1292 2593 1458 2634 179-183.

1290 2668 1325 2696 1.
