1758 3246
285 274 376 329 442
701 290 734 319 s.
778 290 1019 320 mensum
1055 290 1256 322 EPISCOPI

283 351 466 398 dicenda
485 352 586 407 sint,
610 370 708 416 quae
728 366 955 418 propterea
977 355 1088 399 fiunt
1105 365 1152 400 ut
1169 355 1242 401 illa
1265 355 1543 401 immunditia
1565 356 1646 401 de-

281 422 452 466 vitetur.
495 422 720 486 Quidquid
754 425 868 469 enim
899 425 956 468 ita
981 425 1047 478 fit,
1085 434 1132 468 ut
1162 425 1242 469 nisi
1275 426 1410 481 fieret,
1442 430 1555 485 juste
1578 443 1649 471 re-

281 490 638 552 prehenderetur,
666 511 754 538 11011
773 505 834 539 051
854 503 1100 556 peceatum.
1131 495 1192 538 Ex
1216 512 1304 556 quo
1325 496 1573 550 conficitur,
1602 506 1652 541 ut

282 576 360 603 nec
394 559 468 604 1113
494 561 772 608 immunditia
805 563 1003 610 vocanda
1035 564 1105 618 sit,
1143 565 1317 625 quando
1347 565 1537 611 evitandi
1556 582 1650 611 eam

280 628 400 673 nulla
417 629 600 676 faqutas
617 644 677 677 est
695 649 706 678 ε
723 633 858 678 habet
880 633 993 677 enim
1011 633 1138 677 etiam
1160 643 1263 678 tunc
1283 635 1402 696 quod
1423 646 1536 680 reete
1554 645 1652 694 agat

283 699 359 760 qui
386 715 434 744 ea
466 701 659 762 patitur,
692 712 740 746 ut
767 703 979 764 patienter
1008 702 1116 747 ferat
1148 702 1363 766 quidquid
1393 722 1480 749 non
1511 714 1652 766 potest

280 769 452 816 evitare.
486 771 641 816 Nullus
668 784 811 818 autem
834 784 947 818 recte
974 790 1100 832 agens
1124 773 1375 819 immundus
1398 776 1490 820 fieri
1512 785 1654 837 potest

280 839 475 900 quolibet
510 843 710 901 contagio
747 842 980 905 corporali.
1020 843 1280 888 Immundus
1313 854 1375 889 est
1406 845 1520 890 enim
1555 855 1653 889 ante

281 908 420 954 Deum
442 910 581 954 omnis
601 910 789 973 iniquus,
820 911 1010 956 Mundus
1031 928 1130 970 ergo
1150 923 1212 957 est
1235 913 1372 957 omnis
1389 915 1552 972 justus;
1576 914 1652 958 etsi

279 994 367 1022 11011
392 990 488 1023 ante
508 980 707 1026 homines
730 993 874 1027 tamen
895 993 992 1027 ante
1017 984 1157 1028 Deum
1171 1018 1182 1039 ‚
1203 983 1279 1046 qui
1299 984 1389 1028 sine
1412 1000 1554 1029 errore
1572 988 1651 1043 J'u-

280 1045 410 1094 dicat.
451 1049 641 1095 Proinde
663 1068 741 1097 nec
766 1068 867 1097 011111
887 1069 934 1096 03
956 1052 1140 1114 patitur,
1167 1052 1267 1097 data
1293 1052 1483 1098 evitandi
1506 1063 1654 1115 potes-

280 1126 382 1171 tate,
410 1128 616 1164 contactu
639 1120 734 1182 ipso
757 1121 1012 1166 immundus
1045 1122 1119 1174 fit3
1155 1121 1227 1166 sed
1257 1132 1457 1184 peccato,
1488 1139 1576 1185 quo
1605 1133 1655 1168 ea

281 1202 382 1231 cum
401 1199 543 1249 posset
566 1190 706 1234 noluit
727 1192 898 1237 evitare.
933 1191 1115 1236 Nuilum
1133 1192 1248 1236 enim
1276 1202 1503 1253 peceatum
1529 1202 1651 1247 esset,

280 1255 496 1319 quidquid
516 1269 696 1322 propter
712 1260 786 1305 illa
805 1261 1006 1306 evitanda
1024 1261 1189 1305 factum
1209 1271 1326 1307 esset.
1355 1263 1540 1323 Propter
1556 1262 1653 1306 haec

278 1325 408 1384 igitur
428 1328 628 1374 evitanda
645 1330 842 1392 quisquis
861 1330 1065 1375 mentitus
1084 1329 1231 1384 fuerit,
1254 1347 1341 1375 11011
1363 1341 1532 1393 peccat.

344 1397 461 1441 XVI.
505 1401 572 1444 An
602 1400 747 1462 aliqua
774 1402 903 1446 etiam
933 1400 1158 1444 mendacia
1187 1400 1440 1461 excipienda
1462 1412 1578 1454 sunt,
1608 1412 1655 1446 ut

281 1467 410 1511 satius
443 1468 497 1512 sit
524 1468 639 1513 hanc
666 1470 773 1530 pati,
803 1487 937 1532 quam
963 1469 1036 1514 illa
1059 1469 1359 1515 committere?
1383 1469 1515 1525 Quod
1539 1470 1573 1515 si
1595 1470 1657 1516 ita

280 1546 358 1590 est,
380 1553 468 1581 non
486 1537 704 1600 quidquid
722 1538 887 1583 factum
906 1539 1036 1584 fuerit
1058 1549 1107 1583 ut
1130 1538 1204 1582 illa
1224 1538 1503 1584 immunditia
1521 1540 1655 1586 evite-

280 1615 373 1660 tur,
411 1623 499 1651 non
527 1618 589 1652 est
622 1619 855 1669 peccatum
885 1625 896 1652 ι
930 1607 1289 1671 quandoquidem
1318 1618 1420 1652 sunt
1446 1609 1653 1671 quaedam

282 1675 510 1721 mendacia
549 1694 651 1740 quae
682 1678 854 1737 gravius
883 1678 937 1723 sit
969 1677 1224 1733 admittere,
1260 1694 1393 1739 quam
1426 1678 1500 1724 illa
1538 1679 1646 1741 pati.

281 1745 392 1789 Nam
412 1746 444 1790 si
466 1746 620 1809 aliquis
638 1747 693 1792 ad
711 1758 912 1810 stuprum
929 1757 1171 1810 quaeratur5
1193 1748 1270 1811 qui
1288 1747 1425 1809 possit
1446 1748 1658 1794 occultari

282 1815 526 1872 mendacio,
552 1817 649 1880 quis
666 1817 796 1863 audet
815 1817 976 1873 dicere,
1002 1834 1080 1862 nec
1099 1828 1203 1862 tunc
1224 1834 1309 1862 esse
1326 1818 1656 1863 111entiendun12³

285 1886 341 1929 At
361 1886 394 1930 si
420 1885 495 1931 tali
518 1887 744 1932 mendacio
778 1888 913 1950 possit
948 1887 1105 1942 latere,
1139 1887 1259 1949 quod
1296 1887 1468 1932 alterius
1495 1887 1659 1933 famam

284 1954 434 2009 laedat,
464 1960 554 2015 ejus
580 1957 872 2002 immunditiae
904 1957 1011 2002 falso
1043 1957 1223 2001 crimine
1254 1956 1310 2002 ad
1338 1974 1471 2019 quam
1494 1957 1660 2021 patien-

286 2024 387 2069 dam
419 2025 490 2070 ille
520 2028 732 2089 quaeritur
752 2038 988 2090 :tanquam
1014 2027 1049 2071 si
1072 2027 1244 2072 dicatur
1268 2027 1481 2089 quaerenti
1512 2028 1659 2072 nomi-

284 2104 387 2139 nato
431 2094 575 2158 aliquo
615 2108 735 2142 casto
777 2099 869 2144 viro
916 2108 1043 2160 atque
1086 2097 1142 2141 ab
1183 2096 1440 2155 hujusmodi
1487 2097 1660 2157 flagitiis

286 2163 447 2209 alieno:
464 2165 583 2212 Vade
607 2167 662 2212 ad
681 2167 822 2223 illum,
844 2177 886 2212 et
904 2168 996 2229 ipse
1019 2167 1101 2211 tibi
1123 2166 1382 2228 procurabit
1399 2183 1486 2230 quo
1511 2166 1657 2212 liben—

285 2235 370 2280 tius
400 2237 550 2292 utaris,
581 2238 703 2282 novit
727 2239 839 2283 enim
868 2238 972 2283 tales
995 2248 1036 2282 et
1059 2237 1224 2296 diligit;
1254 2247 1381 2299 atque
1403 2237 1464 2282 ita
1493 2237 1572 2282 iste
1604 2238 1661 2282 ab

286 2321 335 2349 eo
358 2322 487 2369 quem
506 2308 760 2370 quaerebat,
786 2318 929 2370 posset
953 2307 1085 2353 averti
1109 2324 1119 2351 :
1143 2306 1286 2351 1105010
1310 2316 1457 2351 utrum
1490 2305 1662 2351 alterius

286 2374 402 2421 fama
425 2378 651 2424 mendacio
675 2378 877 2424 violanda
895 2379 965 2434 sit,
988 2395 1040 2422 ne
1065 2377 1236 2422 alterius
1257 2393 1418 2438 corpus
1443 2376 1581 2421 aliena
1602 2375 1659 2421 li-

286 2445 436 2492 bidine
456 2448 654 2495 violetur.
682 2453 737 2494 Et
755 2448 931 2494 omnino
949 2465 1175 2510 nunquam
1191 2463 1273 2509 pro
1292 2446 1438 2508 aliquo
1454 2446 1662 2492 mentien-

287 2516 394 2562 dum
429 2528 507 2573 est,
541 2535 590 2564 eo
624 2517 850 2564 mendacio
874 2517 995 2581 quod
1029 2517 1213 2562 alterum
1243 2515 1504 2561 laedat:etsi
1527 2515 1663 2562 levius

290 2587 481 2646 laeditur,
502 2604 637 2651 quam
654 2588 726 2636 ille
743 2589 824 2636 nisi
841 2589 902 2635 ita
918 2587 1158 2635 mentireris
1175 2586 1419 2634 laederetur.
1446 2585 1562 2643 Quia
1583 2602 1662 2632 nec
