1758 3246
0 2308 2 2332 i

0 2333 3 2394 ι

0 2417 4 2473 ι

1 2478 5 2588 l

4 2679 6 2732 i

334 295 386 324 DE
424 293 571 324 AGONE
608 290 897 329 cnmsrmno,
937 291 1022 320 LIB.
1067 292 1096 321 1.
1322 273 1408 319 185

40 358 271 421 possimus,
307 369 349 403 et
383 359 584 404 vincere:
613 375 666 404 ne
696 366 855 420 putent
878 355 999 401 stulti
1031 355 1232 401 adversus
1264 359 1408 401 aerem

40 445 117 473 nos
140 428 296 474 debere
322 438 496 475 certare.

107 499 179 545 VI.
221 502 358 544 Docet
378 499 523 562 itaque
549 497 782 561 Apostolus
815 498 931 559 ipse,
958 495 1107 541 dicens
1131 513 1141 540 :
1176 516 1197 536 c<
1221 495 1320 539 Non
1349 494 1410 539 sic

42 588 63 607 »
80 584 250 630 pugno,
271 569 391 631 quasi
410 574 553 614 aerem
574 568 745 613 caedens
763 586 774 612 ι
794 567 867 612 sed
887 567 1047 626 castigo
1067 582 1228 629 corpus
1244 581 1406 619 meum,

43 657 64 677 »
81 648 122 682 et
144 638 190 683 in
209 638 457 683 servitutem
478 638 625 698 redigo
643 675 653 693 ,
687 655 740 683 ne
765 637 874 683 forte
901 637 993 681 aliis
1023 636 1268 699 praedicans
1285 671 1295 689 ‚
1321 634 1414 696 ipse

43 727 63 748 >2
79 708 293 769 reprobus
317 708 556 755 inveniarl.
583 731 602 750 »
628 712 738 753 Item
765 708 874 753 dicit
895 723 908 754 ι
935 729 954 748 «
975 707 1218 752 Imitatores
1240 704 1325 750 mei
1344 720 1411 748 es*

45 798 65 818 ³>
84 787 196 833 tote,
221 778 333 824 sicut
354 789 396 824 et
417 797 494 839 ego
519 779 728 825 Christi2.
754 801 774 820 ))
802 780 946 835 Quare
974 776 1304 836 intelligendum
1327 784 1413 830 est,

43 847 168 892 etiam
190 848 334 911 ipsum
363 850 619 913 Apostolum
644 851 690 895 in
712 850 937 912 semetipso
957 847 1250 911 triumphasse
1270 845 1323 890 de
1339 862 1419 908 po-

45 919 277 965 testatibus
299 920 434 979 hujus
453 919 654 975 mundi3‚
673 919 786 965 sicut
805 919 858 964 de
882 918 1068 963 Domino
1089 917 1268 971 dixerat,
1295 919 1420 974 cujus

45 1005 86 1034 se
100 990 357 1035 imitatorem
377 1007 463 1036 esse
481 992 724 1054 profitetur.
755 991 982 1034 Imitemur
997 1005 1098 1048 ergo
1117 999 1160 1033 et
1180 1005 1257 1033 nos
1274 986 1418 1040 illum,

45 1059 157 1104 sicut
178 1060 381 1105 hortatur
396 1098 406 1115 ,
428 1072 469 1105 et
493 1061 750 1119 castigemus
770 1077 930 1122 corpus
948 1069 1143 1104 nostrum
1163 1094 1174 1113 ‚
1203 1068 1245 1102 et
1268 1057 1315 1102 in
1331 1072 1423 1101 ser-

43 1130 226 1176 vitutem
245 1131 515 1190 redigamus,
553 1132 587 1175 si
613 1130 829 1175 mundum
857 1129 1060 1175 volumus
1093 1128 1279 1173 vincere.
1308 1126 1424 1182 Quia

44 1217 123 1263 per
139 1200 314 1246 illicitas
341 1201 643 1246 delectationes
664 1217 758 1245 suas
788 1210 830 1244 et
855 1217 1042 1263 pompas
1069 1209 1110 1243 et
1138 1197 1427 1261 perniciosam

52 1270 345 1315 curiositatem
365 1270 489 1315 nobis
513 1270 731 1315 dominari
760 1280 902 1332 potest
925 1270 1000 1314 hic
1022 1268 1212 1313 mundus
1227 1305 1238 1323 ‚
1267 1266 1313 1312 id
1337 1276 1399 1311 est
1413 1303 1424 1321 ,

54 1356 102 1385 ea
121 1357 221 1402 quae
244 1341 289 1385 in
315 1341 401 1385 hoc
435 1340 603 1385 mundo
637 1340 878 1403 perniciosa
913 1340 1196 1384 delectatione
1221 1336 1430 1396 colligant

55 1420 262 1455 amatores
290 1427 433 1455 rerum
467 1409 802 1472 temporalium,
833 1419 875 1453 et
907 1408 1083 1453 diabolo
1117 1419 1245 1470 atque
1273 1405 1433 1465 angelis

54 1483 143 1539 ejus
165 1480 320 1525 servire
338 1490 501 1539 cogunt
532 1497 542 1523 z
575 1480 735 1542 quibus
759 1479 964 1524 omnibus
993 1479 1027 1523 si
1062 1477 1430 1530 renuntiavimus,

54 1550 299 1609 redigamus
320 1550 367 1595 in
387 1550 637 1595 servitutem
663 1566 824 1612 corpus
848 1559 1059 1594 nostrum.

120 1620 218 1666 Vll.
255 1619 339 1664 Sed
358 1636 410 1664 ne
423 1620 520 1683 quis
542 1619 650 1664 forte
690 1619 778 1664 hoc
810 1619 956 1680 ipsum
979 1628 1148 1680 quaerat
1165 1654 1174 1672 ‚
1210 1616 1433 1680 quomodo

55 1691 131 1736 fiat
143 1700 191 1735 ut
210 1707 369 1753 corpus
384 1700 582 1735 nostrum
607 1689 804 1734 servituti
821 1688 1106 1748 subjiciamus
1129 1705 1139 1732 :
1159 1687 1284 1733 facile
1302 1687 1436 1732 intel-

55 1761 130 1820 ligi
152 1772 193 1806 et
214 1761 306 1806 fieri
343 1771 510 1824 potest,
543 1761 576 1805 si
608 1760 735 1822 prius
765 1776 842 1804 nos
872 1759 989 1821 ipsos
1010 1758 1292 1817 subjiciamus
1314 1758 1405 1802 Deo
1422 1794 1434 1814 ‚

55 1831 170 1876 bona
192 1830 414 1877 voluntate
427 1831 643 1876 etsincera
658 1830 890 1875 charitate.
914 1830 1022 1873 Nam
1049 1829 1188 1873 omnis
1219 1838 1436 1883 creatura,

57 1901 158 1947 velit
177 1901 307 1957 nolit,
331 1901 405 1946 uni
430 1902 520 1946 Deo
539 1912 580 1946 et
598 1901 787 1946 Domino
811 1917 887 1945 suo
903 1899 1101 1958 subjecta
1121 1909 1196 1944 est.
1228 1898 1315 1943 Sed
1355 1898 1442 1943 hoc

58 1971 359 2028 admonemur,
396 1982 445 2016 ut
488 1982 575 2016 tota
601 1971 822 2016 voluntate
862 1969 1095 2014 serviamus
1131 1968 1320 2013 Domino
1351 1968 1443 2012 Deo

60 2051 219 2087 nostro.
251 2041 471 2097 Quoniam
485 2045 628 2099 justus
652 2039 889 2084 liberaliter
909 2038 1060 2092 servit,
1086 2038 1274 2096 injustus
1295 2047 1439 2082 autem

59 2111 330 2174 compeditus
347 2111 489 2156 servit.
516 2111 678 2156 Omnes
698 2120 844 2155 tamen
865 2109 1026 2153 divinae
1045 2107 1334 2170 providentiae
1361 2124 1445 2153 ser-

0 2207 1 2211 =
60 2182 182 2227 viunt
213 2199 223 2225 ε
263 2181 335 2226 sed
361 2180 431 2225 alii
467 2179 679 2225 obediunt
715 2191 921 2242 tanquam
948 2178 1050 2233 filii,
1085 2188 1127 2222 et
1154 2176 1322 2223 faciunt
1344 2195 1447 2223 cum

62 2269 111 2297 ea
134 2251 255 2313 quod
284 2251 453 2295 bonum
471 2260 562 2303 est3
589 2250 660 2295 alii
677 2266 779 2296 vero
805 2249 995 2309 ligantur
1024 2259 1236 2311 tanquam
1255 2249 1382 2303 servi,
1408 2258 1450 2292 et

63 2323 113 2367 fit
132 2322 184 2367 de
205 2320 287 2366 illis
301 2320 419 2383 quod
431 2325 598 2380 justum
620 2331 694 2366 est.
729 2322 795 2365 Ita
826 2320 939 2365 Deus
963 2318 1239 2381 omnipotens
1257 2355 1268 2374 ,
1289 2318 1449 2363 Domi-

64 2409 143 2437 nus
162 2391 369 2437 universae
383 2401 610 2445 creaturae,
629 2390 705 2454 qui
722 2410 742 2431 «
761 2389 881 2435 Fecit
901 2389 1062 2444 omnia,
1093 2387 1206 2433 sicut
1235 2388 1449 2450 scriptum

65 2473 186 2517 nest,
215 2461 331 2506 bona
344 2460 470 2506 valde
485 2460 503 2488 4
521 2498 532 2517 ,
554 2481 575 2501 >>
608 2461 669 2505 sic
690 2478 739 2505 ea
761 2459 1001 2515 ordinavit,
1025 2468 1075 2503 ut
1098 2468 1139 2502 et
1171 2456 1224 2501 de
1251 2457 1379 2503 bonis
1412 2467 1454 2502 et

74 2585 79 2590 .
113 2550 124 2572 1
150 2561 161 2580 1
185 2550 260 2583 Cor.
277 2561 324 2592 xx,
345 2551 400 2592 26,
425 2561 536 2588 27.—
554 2548 630 2582 2Id.
648 2560 698 2594 xr,
719 2561 747 2582 t.
763 2566 801 2572 —
821 2546 835 2572 3
852 2560 869 2580 2
886 2551 958 2582 Cor.
975 2559 1013 2588 11,
1038 2553 1089 2585 12,
1111 2552 1141 2579 et
1159 2545 1329 2584 Colossar,
1349 2545 1450 2577 15.—

69 2593 81 2611 ³
112 2605 193 2635 Gen.
219 2615 241 2640 ι,
263 2604 315 2634 31.
