1758 3246
324 297 385 358 74
741 305 1060 337 S.AUGUST1N1
1094 306 1296 339 EPISCOPI

324 374 458 430 dicit,
484 374 518 419 si
534 372 743 420 veraciter
764 374 849 433 egit
864 373 1169 436 poenitentiam
1187 373 1242 418 ab
1260 374 1464 452 operibus
1486 375 1684 433 mortuis,-

1736 406 1758 443 ἱ

323 443 499 505 quando
521 445 695 490 accessit
716 443 769 489 ad
787 444 1079 506 baptismum,
1100 443 1355 506 habetque
1344 461 1390 489 m
1405 444 1688 492 fundamento
1737 499 1739 501 .

321 512 454 559 fidem
476 530 575 578 quae
596 531 675 577 per
696 514 970 560 dilectionem
990 523 1215 575 operatur,
1242 513 1398 576 procul
1428 514 1565 559 dubio
1587 514 1689 577 plus
1737 520 1739 563 j

319 583 539 629 tenebitur
563 600 705 629 amore
729 584 888 630 divinae
911 583 1082 643 gratiae,
1106 598 1237 644 quam
1263 583 1404 627 carnis
1439 584 1621 639 uxoriae,
1647 593 1690 629 et

319 652 565 698 membrum
581 653 698 715 quod
712 669 809 698 eum
822 651 1100 706 scandalizat,
1115 649 1282 696 fortiter
1295 661 1505 714 amputat.
1526 651 1689 707 Quem-
1738 663 1740 700 ζ

319 737 507 785 cumque
530 734 672 768 autem
695 723 741 767 in
763 723 849 767 hac
866 721 1156 784 diremptione
1173 720 1365 766 dolorem
1384 721 1525 766 cordis
1546 738 1689 784 prop-
1738 707 1751 735 ξ’

318 801 382 835 ter
397 791 612 838 carnalem
637 793 836 837 affectum
862 791 1059 850 conjugis
1082 790 1332 846 sustinebit,
1362 791 1449 836 hoc
1472 801 1534 835 est
1549 790 1688 835 detri-
1738 840 1741 846 ¹

318 871 511 906 mentum
551 861 671 924 quod
705 862 919 924 patietur,
957 860 1031 905 hic
1065 869 1127 904 est
1155 860 1264 919 ignis
1298 877 1376 922 per
1407 876 1538 922 quem
1568 860 1689 906 foeno
1739 905 1742 912 ,

317 928 491 975 ardente
512 930 603 993 ipse
621 930 873 976 salvabitur.
900 929 945 974 Si
965 938 1106 973 autem
1122 932 1214 987 jam
1228 929 1288 973 sic
1308 929 1504 973 habebat
1515 945 1689 974 uxorem
1739 976 1741 979 ,

316 1007 526 1062 tanquam
545 1017 636 1046 non
656 1000 823 1044 habens
837 1035 849 1055 ,
873 1015 959 1044 non
978 1007 1159 1061 propter
1179 999 1594 1061 concupiscentiam,
1615 999 1689 1044 sed
1739 993 1743 1046 Ϊ

316 1078 498 1131 propter
537 1069 904 1124 misericordiam,
943 1085 998 1113 ne
1031 1067 1141 1112 forte
1179 1085 1271 1112 eam
1309 1067 1470 1112 salvam
1500 1067 1684 1123 faceret,

316 1138 499 1184 reddens
514 1139 660 1201 potius
675 1154 808 1202 quam
819 1137 985 1197 exigens
1003 1136 1202 1182 debiturn
1217 1136 1442 1195 conjugale
1457 1155 1468 1189 3
1492 1135 1688 1198 profecto
1740 1131 1742 1181 ᾗ

315 1223 394 1252 nec
419 1206 584 1252 dolebit
602 1206 832 1253 carnaliter
849 1243 859 1262 ,
886 1222 985 1251 cum
1005 1205 1061 1250 ab
1080 1205 1153 1250 illo
1176 1205 1258 1249 tale
1277 1203 1550 1249 connubium
1567 1214 1687 1267 sepa-

316 1275 487 1322 rabitur
508 1292 518 1321 :
547 1293 686 1339 neque
710 1275 886 1321 enimin
913 1292 961 1320 ea
983 1275 1204 1334 cogitabat
1219 1310 1230 1325 ,
1251 1273 1334 1318 nisi
1351 1286 1450 1336 quae
1469 1283 1570 1318 sunt
1587 1274 1684 1329 Dei,

317 1345 537 1406 quomodo
555 1346 743 1409 placeret
766 1344 897 1390 De01.
923 1345 986 1390 Ac
1006 1360 1083 1406 per
1107 1343 1194 1388 hoc
1213 1344 1260 1388 in
1277 1354 1493 1406 quantum
1512 1357 1684 1399 aurum,

316 1425 556 1474 argentum,
578 1425 620 1461 et
636 1415 803 1478 lapides
819 1414 1026 1478 pretiosos
1043 1413 1126 1458 illis
1145 1413 1481 1472 cogitationibus
1499 1421 1688 1476 supera}-

316 1483 548 1542 dificabat,
574 1486 620 1531 in
644 1497 813 1531 tantum
836 1485 1146 1530 detrimentum
1174 1483 1343 1528 nullum
1368 1492 1589 1546 pateretur
1605 1519 1616 1539 ,
1641 1483 1688 1528 in

313 1563 483 1600 tantum
514 1559 605 1615 ejus
643 1566 861 1600 structura
877 1591 888 1607 ‚
927 1570 1026 1617 quae
1058 1571 1145 1598 non
1169 1562 1260 1598 erat
1279 1552 1446 1608 foenea,
1472 1551 1594 1598 nullo
1614 1552 1687 1598 in-

313 1624 467 1670 cendio
489 1636 766 1671 cremaretur.

378 1695 541 1741 XXIX.
585 1695 683 1740 Sive
714 1711 814 1753 ergo
845 1693 891 1738 in
924 1693 1009 1738 hac
1045 1702 1213 1736 tantum
1249 1692 1338 1737 vita
1371 1691 1452 1736 ista
1490 1691 1688 1737 homines

311 1763 563 1825 patiuntur,
590 1765 676 1810 sive
696 1763 825 1808 etiam
849 1763 1081 1826 posthanc
1104 1762 1237 1806 vitam
1258 1761 1359 1806 talia
1386 1761 1588 1824 quaedam
1607 1765 1686 1820 J'u—

312 1833 426 1878 dicia
443 1834 768 1897 subsequuntur
786 1870 796 1888 ,
824 1850 912 1878 non
930 1831 1137 1877 abhorret
1155 1868 1165 1886 ,
1187 1840 1402 1893 quantum
1427 1831 1614 1875 arbitror
1631 1866 1641 1885 ‚
1664 1848 1687 1875 a

312 1904 477 1949 ratione
494 1904 683 1949 veritatis
700 1903 775 1948 iste
795 1902 1036 1951 intellectus
1053 1901 1234 1959 hujusce
1249 1899 1482 1945 sententiae.
1505 1900 1686 1945 Verum-

313 1983 455 2019 tamen
476 1974 601 2019 etiam
625 1974 657 2017 si
677 1983 738 2017 est
768 1972 875 2017 alius
893 2008 903 2026 ,
931 1972 1006 2034 qui
1030 1970 1140 2015 mihi
1164 1987 1251 2014 non
1280 1970 1497 2024 occurrit,-
1538 1969 1684 2031 potius

311 2041 553 2102 eligendus3
583 2043 715 2088 istum
741 2041 936 2104 quandiu
960 2051 1151 2084 tenemus
1168 2076 1178 2095 ,
1212 2055 1302 2083 non
1325 2040 1520 2098 cogimur
1543 2039 1686 2084 dicere

310 2112 479 2171 injustis
495 2150 504 2168 ,
528 2130 615 2158 non
638 2111 842 2166 subditis,
863 2109 1066 2163 scelestis,
1089 2108 1411 2163 contaminatis,
1434 2107 1681 2170 parricidis,

312 2181 551 2227 matricidis
567 2219 578 2237 ,
599 2180 832 2227 homicidis
844 2218 855 2236 ,
881 2178 1217 2225 fornicatoribus
1233 2215 1243 2233 ,
1273 2177 1564 2222 masculorum
1582 2192 1684 2222 con-

313 2252 590 2298 cubitoribus
605 2288 616 2307 ,
658 2250 878 2314 plagiariis
893 2287 904 2306 ,
945 2248 1255 2304 mendacibus,
1308 2247 1496 2310 perjuris
1511 2283 1523 2303 ,
1563 2257 1606 2291 et
1649 2247 1684 2292 si

313 2321 420 2383 quid
443 2320 562 2366 aliud
580 2338 694 2366 sanae
718 2319 930 2365 doctrinae
949 2319 1216 2373 adversatur,
1240 2332 1340 2381 quae
1358 2327 1420 2362 est
1445 2315 1684 2361 secundum

315 2389 596 2448 Evangelium
614 2389 761 2449 gloriae
780 2389 897 2434 beati
917 2388 1022 2433 Dei2
1047 2405 1056 2432 :
1079 2388 1123 2433 Si
1146 2385 1449 2432 tantummodo
1471 2386 1516 2431 in
1537 2385 1684 2430 Chris-

315 2469 405 2503 tum
425 2459 631 2514 credatis,
653 2469 694 2503 et
725 2467 1040 2503 sacramentum
1077 2455 1284 2520 baptismi
1314 2459 1404 2515 ejus
1433 2454 1678 2518 accipiatis,

313 2528 477 2573 etiamsi
492 2528 623 2573 vitam
638 2528 760 2573 istam
775 2528 1002 2590 pessimam
1021 2543 1110 2571 non
1126 2524 1409 2582 mutaveritis,-
1423 2524 1529 2571 salvi
1545 2524 1675 2570 eritis.

359 2611 369 2632 ¹
393 2621 405 2640 1
422 2612 639 2649 Cor.v11,32.
655 2627 699 2633 —
718 2608 733 2630 ²
753 2621 765 2640 ι
785 2609 867 2640 Tim.
886 2620 913 2653 1,
928 2620 1024 2650 9·¹¹·
