1758 3246
329 307 389 352 66
736 321 770 351 s,
813 320 1055 352 Anousrim
1091 322 1293 351 Emscom

327 386 519 447 dumque
541 385 671 430 istum
692 386 973 431 transiturum
990 386 1319 448 praenuntiaret,
1347 385 1480 430 coelos
1497 401 1596 430 vero
1612 401 1696 429 no-

325 471 401 500 vos
423 465 465 498 et
492 464 645 500 terram
679 471 836 499 novam
867 455 1104 517 expectari,
1138 471 1237 517 quae
1256 455 1382 513 justis
1409 453 1698 500 inhabitanda

327 523 584 580 traderetur,
621 534 668 568 ut
691 541 737 569 ex
758 523 844 568 hoc
877 523 1144 568 attenderent
1174 523 1358 585 qualiter
1382 540 1451 568 eos
1482 533 1698 586 oporteret
1734 555 1738 583 ⁴.

323 592 397 638 viv
399 610 484 648 ere,
512 603 561 637 ut
594 593 863 637 habitatione
890 592 964 636 illa
984 592 1102 651 digni
1127 593 1293 647 fierent,
1328 593 1464 637 sciens
1490 591 1578 636 de
1567 608 1697 654 apos·
1735 587 1738 626 ἶ

323 661 402 707 toli
439 630 567 707 P⁹auli
607 661 871 738 quibusdam
914 662 1191 708 subobscuris
1222 661 1438 706 sententiis
1468 661 1698 706 nonnullos

323 730 498 795 iniquos
512 731 724 794 accepisse
734 732 1019 787 occasionem,
1037 742 1086 776 ut
1101 742 1308 794 tanquam
1326 730 1461 776 securi
1477 730 1530 775 de
1543 731 1694 785 salute,

323 817 423 863 quae
445 801 490 846 in
515 801 600 846 fide
625 811 703 857 est,
729 802 839 846 bene
861 802 935 847 viv
938 819 1005 846 ere
1030 819 1118 846 non
1143 812 1359 850 curarent
1382 817 1698 846 commemora-

322 871 387 916 vit
409 870 613 933 quaedam
640 871 695 915 ad
729 871 1056 930 intelligendum
1083 871 1275 916 difficilia
1307 888 1392 916 esse
1425 871 1469 915 in
1495 869 1699 932 Epistolis

323 943 429 999 ers,
455 957 555 1004 quae
582 941 779 986 homines
805 952 1114 1003 perverterent,
1148 942 1259 986 sicut
1292 952 1333 986 et
1361 940 1462 986 alias
1489 940 1699 1003 Scriptu-

324 1027 413 1066 ras,
452 1010 505 1055 ad
540 1010 771 1073 proprium
806 1027 932 1054 suum
964 1010 1185 1055 interitum
1211 1028 1220 1054 :
1248 1027 1349 1055 cum
1379 1020 1523 1054 tamen
1559 1019 1600 1054 et
1630 1008 1700 1053 ille

323 1079 556 1143 Apostolus
580 1079 632 1124 cle
648 1079 781 1124 salute
800 1089 977 1134 aeterna,
1003 1095 1102 1142 quae
1121 1079 1203 1123 nisi
1220 1079 1330 1123 bene
1343 1078 1589 1124 viventibus
1612 1094 1699 1122 non

322 1147 516 1205 daretur,
543 1149 691 1194 eadem
716 1149 906 1199 sentiret,
932 1165 1031 1211 quae
1049 1147 1193 1192 caeteri
1218 1146 1430 1209 Apostoli.
1462 1147 1534 1191 Sic
1555 1147 1701 1209 itaque

322 1218 476 1263 Petrus
497 1235 507 1262 :
537 1219 652 1263 «His
678 1235 796 1277 ergo,
816 1217 976 1280 inquit,
1005 1217 1208 1262 omnihus
1227 1215 1529 1278 pereuntibus,
1555 1214 1701 1278 quales

323 1307 345 1328 »
372 1298 546 1350 oportet
567 1305 643 1333 Vos
674 1304 760 1332 esse
790 1288 835 1332 in
866 1287 1022 1332 sanctis
1046 1285 1448 1331 conversationibus
1474 1295 1516 1329 et
1531 1284 1702 1348 pietati·

323 1377 344 1397 >)
369 1356 479 1412 bus,
513 1367 784 1419 expectantes
819 1367 859 1401 ct
893 1366 1174 1418 properantes
1218 1355 1270 1399 ad
1305 1354 1582 1417 praesentiam
1615 1353 1701 1398 diei

323 1447 345 1468 »
370 1427 547 1471 Domini
568 1443 648 1489 per
668 1443 798 1489 quam
817 1425 919 1471 coeli
938 1425 1134 1470 ardentes
1154 1424 1374 1470 solventur
1392 1461 1403 1480 ,
1428 1434 1471 1469 et
1492 1423 1700 1469 elementa

323 1516 345 1538 2)
372 1495 523 1541 ardore
544 1496 654 1555 ignis
671 1496 970 1558 decoquentur
990 1512 1000 1538 ε
1030 1511 1164 1540 novos
1184 1511 1285 1540 vero
1314 1493 1449 1539 coelos
1471 1504 1512 1538 et
1548 1503 1701 1539 terram

326 1586 348 1607 ))
372 1582 531 1614 novam
555 1565 794 1611 secundum
816 1564 1027 1627 promissa
1059 1564 1195 1626 ipsius
1215 1573 1508 1626 expectamus,
1536 1562 1582 1607 in
1599 1562 1702 1625 qui-

324 1656 346 1677 »
371 1635 456 1681 bus
488 1634 657 1694 Justitia
682 1634 917 1680 inhabitat.
958 1634 1255 1696 Quapropter,
1294 1632 1569 1687 charissimi,
1603 1631 1702 1677 haec

325 1725 346 1746 »
369 1714 640 1768 expectantes
663 1703 840 1763 satagite
863 1702 1058 1748 inviolati
1086 1713 1127 1747 et
1155 1701 1423 1747 immaculati
1448 1700 1567 1764 apud
1603 1717 1700 1746 eum

324 1796 348 1818 »
373 1775 551 1839 reperiri
580 1775 625 1820 in
652 1791 779 1837 pace,
801 1784 843 1819 et
873 1774 1050 1818 Domini
1074 1773 1213 1818 nostri
1243 1772 1495 1835 patientiam
1522 1771 1702 1817 salutem

327 1866 349 1887 >2
373 1846 618 1892 existimate.
656 1844 780 1890 Sicut
802 1854 843 1889 et
877 1843 1178 1889 dilectissimus
1200 1842 1331 1888 frater
1364 1852 1509 1888 noster
1539 1841 1702 1886 Paulus

326 1937 348 1959 >³
372 1914 614 1961 secundum
642 1931 735 1959 eam
754 1951 765 1970 ,
795 1930 894 1977 quae
921 1912 1020 1958 data
1049 1924 1111 1958 est
1138 1912 1227 1967 illi,
1256 1912 1508 1974 sapientiam
1532 1911 1703 1973 scripsit

329 2006 352 2028 ))
377 1984 520 2040 vohis,
537 1994 587 2028 ut
612 1994 652 2028 et
666 1984 711 2028 in
733 1982 937 2027 omnibus
958 1981 1181 2043 Epistolis,
1201 1980 1381 2042 loquens
1403 1980 1448 2024 in
1466 1979 1524 2024 eis
1543 1978 1595 2024 de
1618 1979 1702 2034 his,

326 2075 348 2097 »
372 2055 418 2100 in
438 2054 600 2117 quibus
618 2064 717 2098 sunt
736 2051 929 2098 difficilia
949 2049 1401 2114 quaedamintellectu,
1418 2065 1518 2112 quae
1535 2048 1703 2095 indocti

327 2145 350 2168 »
376 2135 418 2170 et
446 2123 667 2168 instabiles
698 2131 953 2186 pervertunt
972 2158 982 2177 ,
1022 2121 1133 2166 sicut
1161 2131 1201 2165 et
1227 2129 1404 2165 caeteras
1431 2118 1699 2182 Scripturas,

329 2215 351 2236 ))
376 2193 429 2240 ad
461 2192 689 2256 proprium
723 2209 849 2237 suum
877 2191 1112 2237 interitum.
1151 2191 1235 2235 Vos
1257 2190 1390 2249 igitur
1421 2189 1703 2234 amantissimi

328 2285 352 2309 >>
378 2263 669 2328 praescientes,
697 2272 842 2308 cavete
862 2279 915 2306 ne
938 2261 1224 2307 infaustorum
1246 2276 1387 2305 errore
1406 2257 1572 2304 seducti
1587 2257 1700 2304 deci-

329 2355 352 2378 »
377 2334 490 2380 datis
524 2351 547 2378 a
577 2332 927 2379 corroboratione
961 2342 1100 2377 vestra
1126 2349 1136 2375 ε
1168 2330 1345 2376 crescite
1366 2345 1467 2375 vero
1492 2329 1537 2373 in
1567 2329 1702 2388 gratia

330 2426 352 2448 >2
377 2414 420 2450 et
449 2403 669 2449 intellectu
702 2402 877 2448 Domini
897 2401 1033 2447 nostri
1056 2411 1097 2446 et
1116 2400 1349 2446 salvatoris
1373 2399 1475 2444 Jesu
1497 2398 1663 2444 Christi
1687 2416 1697 2443 ε

333 2498 354 2520 »
378 2475 459 2538 ipsi
479 2474 631 2534 gloria,
658 2484 700 2519 et
714 2490 831 2519 nunc
850 2483 892 2518 et
909 2473 954 2517 in
972 2472 1088 2517 diem
1106 2468 1398 2517 aeternitatis1
1422 2489 1443 2511 »

398 2544 566 2591 XXIII.
607 2543 794 2590 Iacobus
827 2553 968 2590 autem
998 2553 1086 2589 tam
1118 2541 1393 2589 vehementer
1424 2537 1602 2586 infestus
1637 2548 1698 2586 est

382 2625 433 2659 ¹2
453 2627 536 2659 Petr.
555 2636 611 2666 111,
635 2636 685 2657 11-
693 2627 742 2659 18.
