1758 3246
309 310 401 359 528
729 326 762 357 s
806 325 1047 358 Ateusnm
1083 328 1282 360 EPISCOPI

306 403 354 437 ut
371 389 565 455 quisquis
587 389 652 436 uti
669 390 813 447 vellet,
839 408 888 438 eo
906 403 1097 439 uteretur
1116 394 1234 458 quod
1258 395 1340 441 sibi
1360 395 1507 442 liceret
1523 413 1570 442 ex
1589 397 1677 442 Do-

306 461 415 507 mini
448 461 783 515 constitutione3
808 462 840 506 si
870 462 998 525 quis
987 473 1127 508 autem
1150 465 1211 510 uti
1235 464 1392 521 nollet,
1422 483 1509 511 non
1529 477 1676 512 contra

303 535 469 591 jussum
503 531 680 589 faceret,
709 531 781 578 sed
805 531 858 577 de
881 549 957 578 suo
979 537 1077 593 jure
1100 534 1267 581 cederet
1296 536 1612 582 misericmdius
1637 548 1679 582 et

307 601 564 648 laboriosius
595 612 870 648 conversatus
892 602 938 648 in
962 604 1212 664 Evangelio,
1240 606 1285 651 in
1315 623 1402 670 quo
1427 617 1468 652 et
1487 606 1678 652 debitam

308 672 549 718 mercedem
575 672 708 718 nollet
737 673 945 736 accipere.
979 674 1186 738 Alioquin
1215 686 1364 721 contra
1389 681 1557 737 jussum
1588 677 1680 722 Do-

310 743 416 788 mini
445 742 547 789 fecit
576 743 837 806 Apostolus,
871 744 946 806 qui
975 755 1257 808 posteaquam
1287 747 1474 793 ostendit
1509 747 1591 792 sibi
1622 746 1681 791 li-

312 830 423 870 cere,
447 814 591 859 statim
615 813 800 873 subjecit
818 831 829 858 :
849 834 869 855 «
887 814 973 860 Sed
989 825 1134 861 tamen
1159 833 1234 876 ego
1254 833 1341 862 non
1362 833 1457 863 sum
1480 834 1580 863 usus
1597 817 1680 862 hae

313 903 334 925 ³)
357 882 612 947 potestate1.
637 904 657 924 >³

377 954 500 1000 VIII.
544 953 628 999 Sed
639 952 693 999 ad
708 953 902 1000 ordinem
918 954 1160 1013 redeamus,
1182 974 1230 1003 ac
1247 967 1385 1003 totum
1397 957 1539 1020 ipsum
1559 956 1683 1020 Epis-

312 1023 414 1070 tolae
432 1024 579 1070 locum
604 1023 830 1084 diligenter
855 1025 1185 1074 consideremus.
1214 1049 1234 1068 κ
1256 1027 1501 1091 Numquid,
1520 1027 1679 1090 inquit,

314 1116 335 1137 >2
359 1112 445 1141 non
467 1095 680 1141 babemus
701 1095 920 1141 licentiam
943 1096 1238 1143 manducandi
1257 1109 1297 1143 et
1316 1097 1527 1143 bibendi?
1550 1098 1685 1143 Num-

314 1186 336 1208 »
360 1165 467 1229 quid
485 1182 573 1210 non
590 1164 803 1211 habemus
819 1165 1039 1212 licentiam
1058 1184 1244 1213 sororem
1264 1168 1483 1214 mulierem
1502 1167 1686 1213 circum-

315 1257 336 1278 »
359 1235 578 1282 ducendi2
595 1239 613 1282 9
632 1257 652 1278 »
673 1237 818 1292 Quam
836 1236 1052 1282 licentiam
1075 1237 1198 1294 dixit,
1222 1239 1303 1284 nisi
1321 1255 1452 1302 quam
1475 1238 1685 1285 Dominus

317 1306 437 1352 dedit
459 1306 516 1352 eis
536 1322 644 1369 quos
668 1305 721 1351 ad
741 1306 1074 1369 praedicandum
1098 1324 1278 1367 regnum
1305 1308 1518 1354 coelorum
1549 1307 1682 1362 misit,

318 1377 464 1423 dicens
485 1394 494 1421 :
519 1398 539 1418 «
560 1379 621 1422 Ea
645 1393 745 1439 quae
776 1376 832 1421 ab
862 1376 964 1439 ipsis
997 1386 1096 1421 sunt
1119 1377 1377 1423 manducate
1395 1414 1405 1433 ‚
1443 1376 1597 1436 dignus
1627 1386 1688 1421 est

317 1468 339 1490 >2
361 1448 475 1493 enim
493 1446 713 1510 operarius
731 1445 924 1491 mercede
939 1462 1032 1501 sua,
1054 1467 1073 1486 »
1092 1457 1133 1491 et
1147 1463 1188 1490 se
1202 1446 1345 1508 ipsum
1366 1463 1615 1509 proponens
1634 1445 1688 1490 ad

319 1517 506 1577 ejusdem
541 1516 761 1580 potestatis
799 1515 1057 1578 exemplum,
1098 1516 1169 1561 cui
1202 1516 1461 1562 fidelissimae
1492 1515 1690 1561 mulieres

320 1588 420 1633 talia
444 1586 678 1632 necessaria
703 1585 755 1631 de
781 1585 867 1630 suis
886 1584 1168 1631 facultatibus
1194 1585 1560 1631 ministrabant-³?
1581 1587 1690 1631 Am-

320 1657 435 1720 plius
459 1667 601 1703 autem
620 1656 723 1702 fecit
743 1655 960 1719 apostolus
983 1655 1163 1711 Paulus,
1192 1666 1240 1701 ut
1253 1655 1306 1701 de
1323 1656 1582 1720 coapostolis
1607 1657 1691 1701 suis

323 1728 634 1773 documentum
644 1726 956 1786 adhiberethuj
964 1743 1011 1771 us
1020 1725 1206 1772 licentiae
1221 1744 1244 1771 a
1254 1727 1440 1772 Domino
1450 1727 1686 1791 permissae.

323 1799 472 1862 Neque
512 1798 626 1843 enim
662 1796 981 1860 reprehendens
1017 1797 1201 1856 subjecit
1226 1815 1236 1843 ι
1260 1819 1280 1839 (ε
1305 1798 1428 1843 Sicut
1469 1809 1511 1843 et
1547 1797 1691 1843 caeteri
1756 1823 1758 1835 =

323 1891 344 1912 »
372 1869 583 1933 Apostoli,
605 1879 647 1914 et
663 1867 814 1914 fratres
836 1868 1039 1922 Domini,
1065 1879 1107 1914 et
1129 1867 1332 1933 cephas-'⁴
1354 1886 1364 1913 z
1390 1891 1410 1911 v
1430 1868 1502 1914 sed
1522 1879 1569 1914 ut
1586 1869 1691 1914 hinc

324 1938 564 1985 ostenderet
579 1938 668 1984 hoe
694 1955 735 1984 se
755 1938 950 2001 accipere
979 1938 1178 1995 noluisse,
1217 1938 1336 2002 quod
1365 1939 1403 1984 ei
1425 1939 1553 1984 licere
1575 1939 1693 1984 acci-

323 2027 443 2073 pere,
466 2019 722 2055 caeterorum
746 2009 876 2054 etiam
898 2009 1241 2055 commilitonum
1267 2011 1357 2070 ejus
1384 2027 1502 2055 more
1528 2009 1695 2073 proba-

326 2091 459 2127 retur.
483 2101 504 2121 «
526 2082 594 2126 An
617 2097 693 2140 ego
719 2079 831 2125 solus
858 2090 901 2124 et
929 2081 1148 2125 Barnabas
1166 2098 1254 2126 non
1271 2080 1484 2126 habemus
1501 2090 1693 2143 potesta-

328 2172 350 2193 »
368 2162 454 2196 tem
465 2168 551 2196 non
565 2151 774 2214 operandi
785 2153 835 2196 P»
849 2151 963 2196 Ecce
976 2151 1152 2196 abstulit
1163 2167 1333 2196 omnem
1343 2150 1361 2179 5
1376 2149 1695 2196 dubitationem

327 2221 456 2268 etiam
478 2220 732 2267 tardissimis
755 2220 984 2278 cordibus,
1013 2232 1060 2266 ut
1084 2220 1324 2281 intelligant
1349 2221 1402 2267 de
1425 2237 1510 2285 qua
1541 2237 1695 2284 opera—

327 2293 444 2338 tione
463 2291 593 2338 dicat.
619 2292 678 2336 [t
695 2290 801 2354 quid
825 2292 939 2337 enim
959 2292 1017 2337 ait
1035 2309 1045 2337 z
1065 2313 1083 2332 «
1102 2294 1168 2338 An
1193 2309 1270 2352 ego
1289 2291 1403 2338 solus
1421 2302 1464 2337 et
1477 2291 1697 2337 Barnabas

330 2386 352 2407 ›>
367 2381 456 2410 non
490 2363 702 2409 habemus
741 2372 994 2426 potestatem
1037 2380 1124 2408 non
1165 2362 1400 2426 operandi,
1431 2384 1451 2404 »
1477 2362 1558 2407 nisi
1595 2362 1697 2426 quia

329 2451 476 2481 omnes
488 2432 771 2493 Evangelistae
794 2443 834 2478 et
859 2433 1044 2478 ministri
1063 2433 1185 2479 verbi
1206 2433 1281 2478 Dei
1302 2432 1528 2478 habebant
1543 2443 1695 2495 potcs-

330 2515 462 2551 tatem
487 2523 510 2550 a
532 2503 720 2550 Domino
744 2513 985 2567 acceptam,
1016 2513 1065 2549 ut
1084 2520 1171 2549 non
1194 2512 1475 2566 operarentur
1497 2502 1697 2548 manibus

372 2593 384 2616 ¹
407 2604 419 2625 1
447 2595 520 2627 Cor.
536 2604 582 2635 xx,
611 2604 664 2627 12.
686 2609 731 2618 —
756 2591 773 2616 ²
794 2591 878 2626 Ibid.
901 2595 934 2628 5.
951 2611 996 2619 -
1016 2590 1032 2617 3
1059 2596 1133 2626 Luc.
1156 2605 1232 2638 vm,
1263 2595 1293 2626 3.
1310 2590 1383 2617 —4
1409 2603 1420 2624 1
1447 2593 1579 2632 eona,
1605 2593 1636 2626 5.
1658 2611 1695 2617 -

325 2645 339 2671 ⁵
356 2645 439 2681 Ibid.
457 2647 489 2680 6.
