<?xml version="1.0" encoding="UTF-8"?>
<!DOCTYPE html PUBLIC "-//W3C//DTD XHTML 1.0 Transitional//EN"
    "http://www.w3.org/TR/xhtml1/DTD/xhtml1-transitional.dtd">
<html xmlns="http://www.w3.org/1999/xhtml" xml:lang="en" lang="en">
 <head>
  <title>
</title>
<meta http-equiv="Content-Type" content="text/html;charset=utf-8" />
  <meta name='ocr-system' content='tesseract 3.04.00' />
  <meta name='ocr-capabilities' content='ocr_page ocr_carea ocr_par ocr_line ocrx_word'/>
</head>
<body>
  <div class='ocr_page' id='page_1' title='image "./operaomniaaccura26auguuoft/operaomniaaccura26auguuoft_0327.png"; bbox 0 0 1758 3246; ppageno 0'>
   <div class='ocr_carea' id='block_1_1' title="bbox 80 268 1472 2576">
    <p class='ocr_par' dir='ltr' id='par_1_1' title="bbox 80 268 1472 2081">
     <span class='ocr_line' id='line_1_1' title="bbox 341 268 1452 321; baseline -0.003 -8"><span class='ocrx_word' id='word_1_1' title='bbox 341 287 393 315; x_wconf 59' lang='lat' dir='ltr'>ms</span> <span class='ocrx_word' id='word_1_2' title='bbox 430 284 596 314; x_wconf 77' lang='lat' dir='ltr'>SANCTA</span> <span class='ocrx_word' id='word_1_3' title='bbox 631 283 920 313; x_wconf 70' lang='lat' dir='ltr'>varNITArE</span> <span class='ocrx_word' id='word_1_4' title='bbox 943 304 953 321; x_wconf 73' lang='lat'>,</span> <span class='ocrx_word' id='word_1_5' title='bbox 996 284 1079 313; x_wconf 55' lang='grc' dir='ltr'>[υς.</span> <span class='ocrx_word' id='word_1_6' title='bbox 1124 284 1153 311; x_wconf 84' lang='lat'>1.</span> <span class='ocrx_word' id='word_1_7' title='bbox 1359 268 1452 311; x_wconf 73' lang='lat'>313</span> 
     </span>
     <span class='ocr_line' id='line_1_2' title="bbox 83 346 1457 411; baseline -0.004 -15"><span class='ocrx_word' id='word_1_8' title='bbox 83 350 189 396; x_wconf 84' lang='lat' dir='ltr'>dicit</span> <span class='ocrx_word' id='word_1_9' title='bbox 227 349 454 411; x_wconf 79' lang='lat' dir='ltr'>Apostolus</span> <span class='ocrx_word' id='word_1_10' title='bbox 479 366 489 392; x_wconf 90' lang='lat'><strong>:</strong></span> <span class='ocrx_word' id='word_1_11' title='bbox 527 369 547 388; x_wconf 72' lang='grc' dir='ltr'>α</span> <span class='ocrx_word' id='word_1_12' title='bbox 573 348 685 403; x_wconf 83' lang='lat' dir='ltr'>Quae</span> <span class='ocrx_word' id='word_1_13' title='bbox 721 358 864 392; x_wconf 90' lang='lat' dir='ltr'>autem</span> <span class='ocrx_word' id='word_1_14' title='bbox 888 347 934 392; x_wconf 87' lang='lat' dir='ltr'>in</span> <span class='ocrx_word' id='word_1_15' title='bbox 963 346 1126 391; x_wconf 87' lang='lat' dir='ltr'>deliciis</span> <span class='ocrx_word' id='word_1_16' title='bbox 1162 347 1275 405; x_wconf 82' lang='lat' dir='ltr'>agit,</span> <span class='ocrx_word' id='word_1_17' title='bbox 1309 347 1457 392; x_wconf 82' lang='lat' dir='ltr'>vivens</span> 
     </span>
     <span class='ocr_line' id='line_1_3' title="bbox 83 416 1459 478; baseline -0.002 -14"><span class='ocrx_word' id='word_1_18' title='bbox 83 429 289 464; x_wconf 80' lang='lat' dir='ltr'>»mortua</span> <span class='ocrx_word' id='word_1_19' title='bbox 313 417 467 470; x_wconf 71' lang='lat' dir='ltr'>est‘13»</span> <span class='ocrx_word' id='word_1_20' title='bbox 496 418 583 463; x_wconf 87' lang='lat' dir='ltr'>sive</span> <span class='ocrx_word' id='word_1_21' title='bbox 615 417 661 462; x_wconf 87' lang='lat' dir='ltr'>in</span> <span class='ocrx_word' id='word_1_22' title='bbox 697 416 921 462; x_wconf 80' lang='lat' dir='ltr'>laboribus</span> <span class='ocrx_word' id='word_1_23' title='bbox 956 427 1085 478; x_wconf 87' lang='lat' dir='ltr'>atque</span> <span class='ocrx_word' id='word_1_24' title='bbox 1110 416 1313 474; x_wconf 82' lang='lat' dir='ltr'>jejuniis,</span> <span class='ocrx_word' id='word_1_25' title='bbox 1339 416 1459 461; x_wconf 85' lang='lat' dir='ltr'>nulla</span> 
     </span>
     <span class='ocr_line' id='line_1_4' title="bbox 81 486 1458 549; baseline -0.002 -15"><span class='ocrx_word' id='word_1_26' title='bbox 81 488 222 535; x_wconf 87' lang='lat' dir='ltr'>cordis</span> <span class='ocrx_word' id='word_1_27' title='bbox 246 487 509 533; x_wconf 80' lang='lat' dir='ltr'>correctione</span> <span class='ocrx_word' id='word_1_28' title='bbox 529 487 761 549; x_wconf 86' lang='lat' dir='ltr'>superfluis</span> <span class='ocrx_word' id='word_1_29' title='bbox 778 524 788 541; x_wconf 90' lang='lat'>‚</span> <span class='ocrx_word' id='word_1_30' title='bbox 815 497 857 532; x_wconf 89' lang='lat' dir='ltr'>et</span> <span class='ocrx_word' id='word_1_31' title='bbox 876 487 1009 545; x_wconf 85' lang='lat' dir='ltr'>magis</span> <span class='ocrx_word' id='word_1_32' title='bbox 1027 486 1304 530; x_wconf 74' lang='lat' dir='ltr'>ostentationi</span> <span class='ocrx_word' id='word_1_33' title='bbox 1325 503 1458 548; x_wconf 88' lang='lat' dir='ltr'>quam</span> 
     </span>
     <span class='ocr_line' id='line_1_5' title="bbox 80 557 1459 616; baseline -0.004 -11"><span class='ocrx_word' id='word_1_34' title='bbox 80 557 370 605; x_wconf 84' lang='lat' dir='ltr'>emendationi</span> <span class='ocrx_word' id='word_1_35' title='bbox 389 558 686 603; x_wconf 86' lang='lat' dir='ltr'>servientibus.</span> <span class='ocrx_word' id='word_1_36' title='bbox 712 559 807 602; x_wconf 66' lang='lat' dir='ltr'>[Non</span> <span class='ocrx_word' id='word_1_37' title='bbox 823 574 899 616; x_wconf 84' lang='lat' dir='ltr'>ego</span> <span class='ocrx_word' id='word_1_38' title='bbox 921 557 1079 601; x_wconf 83' lang='lat' dir='ltr'>talibus</span> <span class='ocrx_word' id='word_1_39' title='bbox 1094 572 1292 614; x_wconf 86' lang='lat' dir='ltr'>magnam</span> <span class='ocrx_word' id='word_1_40' title='bbox 1308 572 1459 600; x_wconf 86' lang='lat' dir='ltr'>curam</span> 
     </span>
     <span class='ocr_line' id='line_1_6' title="bbox 81 624 1456 690; baseline -0.004 -16"><span class='ocrx_word' id='word_1_41' title='bbox 81 628 340 674; x_wconf 88' lang='lat' dir='ltr'>humilitatis</span> <span class='ocrx_word' id='word_1_42' title='bbox 360 628 506 687; x_wconf 81' lang='lat' dir='ltr'>ingero</span> <span class='ocrx_word' id='word_1_43' title='bbox 524 665 533 683; x_wconf 91' lang='lat'>,</span> <span class='ocrx_word' id='word_1_44' title='bbox 565 628 609 672; x_wconf 93' lang='lat' dir='ltr'>in</span> <span class='ocrx_word' id='word_1_45' title='bbox 635 628 795 690; x_wconf 87' lang='lat' dir='ltr'>quibus</span> <span class='ocrx_word' id='word_1_46' title='bbox 817 627 1021 690; x_wconf 86' lang='lat' dir='ltr'>superbia</span> <span class='ocrx_word' id='word_1_47' title='bbox 1039 627 1132 688; x_wconf 88' lang='lat' dir='ltr'>ipsa</span> <span class='ocrx_word' id='word_1_48' title='bbox 1153 624 1456 677; x_wconf 74' lang='lat' dir='ltr'>confunditur,</span> 
     </span>
     <span class='ocr_line' id='line_1_7' title="bbox 81 695 1460 751; baseline -0.004 -7"><span class='ocrx_word' id='word_1_49' title='bbox 81 709 121 744; x_wconf 84' lang='lat' dir='ltr'>et</span> <span class='ocrx_word' id='word_1_50' title='bbox 138 698 413 743; x_wconf 73' lang='lat' dir='ltr'>conscientiae</span> <span class='ocrx_word' id='word_1_51' title='bbox 431 697 608 743; x_wconf 76' lang='lat' dir='ltr'>vulnere</span> <span class='ocrx_word' id='word_1_52' title='bbox 627 708 892 743; x_wconf 88' lang='lat' dir='ltr'>cruentatur.</span> <span class='ocrx_word' id='word_1_53' title='bbox 924 698 1013 742; x_wconf 89' lang='lat' dir='ltr'>Nec</span> <span class='ocrx_word' id='word_1_54' title='bbox 1041 695 1238 751; x_wconf 75' lang='lat' dir='ltr'>ebriosis,</span> <span class='ocrx_word' id='word_1_55' title='bbox 1267 706 1339 739; x_wconf 87' lang='lat' dir='ltr'>aut</span> <span class='ocrx_word' id='word_1_56' title='bbox 1364 712 1460 740; x_wconf 83' lang='lat' dir='ltr'>ava-</span> 
     </span>
     <span class='ocr_line' id='line_1_8' title="bbox 81 763 1459 829; baseline -0.004 -17"><span class='ocrx_word' id='word_1_57' title='bbox 81 768 164 822; x_wconf 87' lang='lat' dir='ltr'>ris,</span> <span class='ocrx_word' id='word_1_58' title='bbox 195 777 267 811; x_wconf 89' lang='lat' dir='ltr'>aut</span> <span class='ocrx_word' id='word_1_59' title='bbox 300 766 381 811; x_wconf 88' lang='lat' dir='ltr'>alio</span> <span class='ocrx_word' id='word_1_60' title='bbox 410 766 608 829; x_wconf 84' lang='lat' dir='ltr'>quolibet</span> <span class='ocrx_word' id='word_1_61' title='bbox 632 767 896 812; x_wconf 85' lang='lat' dir='ltr'>damnabilis</span> <span class='ocrx_word' id='word_1_62' title='bbox 926 765 1070 811; x_wconf 87' lang='lat' dir='ltr'>morbi</span> <span class='ocrx_word' id='word_1_63' title='bbox 1099 781 1249 824; x_wconf 81' lang='lat' dir='ltr'>genere</span> <span class='ocrx_word' id='word_1_64' title='bbox 1267 763 1459 823; x_wconf 86' lang='lat' dir='ltr'>jacenti-</span> 
     </span>
     <span class='ocr_line' id='line_1_9' title="bbox 81 833 1455 900; baseline -0.004 -17"><span class='ocrx_word' id='word_1_65' title='bbox 81 839 186 891; x_wconf 88' lang='lat' dir='ltr'>bus,</span> <span class='ocrx_word' id='word_1_66' title='bbox 213 853 314 880; x_wconf 86' lang='lat' dir='ltr'>cum</span> <span class='ocrx_word' id='word_1_67' title='bbox 338 836 530 881; x_wconf 83' lang='lat' dir='ltr'>habeant</span> <span class='ocrx_word' id='word_1_68' title='bbox 559 836 796 900; x_wconf 85' lang='lat' dir='ltr'>corporalis</span> <span class='ocrx_word' id='word_1_69' title='bbox 824 836 1104 881; x_wconf 68' lang='lat' dir='ltr'>continentiae</span> <span class='ocrx_word' id='word_1_70' title='bbox 1122 833 1455 896; x_wconf 73' lang='lat' dir='ltr'>professionem,</span> 
     </span>
     <span class='ocr_line' id='line_1_10' title="bbox 83 903 1462 968; baseline -0.003 -17"><span class='ocrx_word' id='word_1_71' title='bbox 83 905 363 968; x_wconf 85' lang='lat' dir='ltr'>moribusque</span> <span class='ocrx_word' id='word_1_72' title='bbox 395 907 607 967; x_wconf 72' lang='lat' dir='ltr'>perversis</span> <span class='ocrx_word' id='word_1_73' title='bbox 648 924 671 951; x_wconf 86' lang='lat' dir='ltr'>a</span> <span class='ocrx_word' id='word_1_74' title='bbox 716 923 793 951; x_wconf 89' lang='lat' dir='ltr'>suo</span> <span class='ocrx_word' id='word_1_75' title='bbox 835 906 1009 950; x_wconf 90' lang='lat' dir='ltr'>nomine</span> <span class='ocrx_word' id='word_1_76' title='bbox 1055 904 1299 959; x_wconf 81' lang='lat' dir='ltr'>dissonent,</span> <span class='ocrx_word' id='word_1_77' title='bbox 1344 903 1462 948; x_wconf 85' lang='lat' dir='ltr'>hanc</span> 
     </span>
     <span class='ocr_line' id='line_1_11' title="bbox 84 972 1463 1038; baseline -0.001 -19"><span class='ocrx_word' id='word_1_78' title='bbox 84 991 281 1034; x_wconf 80' lang='lat' dir='ltr'>magnam</span> <span class='ocrx_word' id='word_1_79' title='bbox 321 975 658 1021; x_wconf 89' lang='lat' dir='ltr'>sollicitudinem</span> <span class='ocrx_word' id='word_1_80' title='bbox 694 977 781 1038; x_wconf 67' lang='lat' dir='ltr'>piae</span> <span class='ocrx_word' id='word_1_81' title='bbox 819 975 1078 1020; x_wconf 86' lang='lat' dir='ltr'>humilitatis</span> <span class='ocrx_word' id='word_1_82' title='bbox 1114 974 1294 1036; x_wconf 86' lang='lat' dir='ltr'>impono</span> <span class='ocrx_word' id='word_1_83' title='bbox 1328 990 1339 1017; x_wconf 71' lang='grc' dir='ltr'><strong>ι</strong></span> <span class='ocrx_word' id='word_1_84' title='bbox 1379 972 1463 1017; x_wconf 85' lang='lat' dir='ltr'>nisi</span> 
     </span>
     <span class='ocr_line' id='line_1_12' title="bbox 82 1043 1463 1105; baseline -0.003 -15"><span class='ocrx_word' id='word_1_85' title='bbox 82 1045 191 1090; x_wconf 89' lang='lat' dir='ltr'>forte</span> <span class='ocrx_word' id='word_1_86' title='bbox 213 1045 259 1089; x_wconf 91' lang='lat' dir='ltr'>in</span> <span class='ocrx_word' id='word_1_87' title='bbox 284 1044 353 1089; x_wconf 85' lang='lat' dir='ltr'>his</span> <span class='ocrx_word' id='word_1_88' title='bbox 383 1045 505 1090; x_wconf 86' lang='lat' dir='ltr'>malis</span> <span class='ocrx_word' id='word_1_89' title='bbox 540 1046 669 1090; x_wconf 88' lang='lat' dir='ltr'>etiam</span> <span class='ocrx_word' id='word_1_90' title='bbox 699 1056 910 1090; x_wconf 86' lang='lat' dir='ltr'>ostentare</span> <span class='ocrx_word' id='word_1_91' title='bbox 941 1062 982 1089; x_wconf 88' lang='lat' dir='ltr'>se</span> <span class='ocrx_word' id='word_1_92' title='bbox 1018 1043 1265 1098; x_wconf 86' lang='lat' dir='ltr'>audebunt,</span> <span class='ocrx_word' id='word_1_93' title='bbox 1301 1043 1463 1105; x_wconf 88' lang='lat' dir='ltr'>quibus</span> 
     </span>
     <span class='ocr_line' id='line_1_13' title="bbox 84 1112 1462 1178; baseline -0.003 -18"><span class='ocrx_word' id='word_1_94' title='bbox 84 1133 169 1161; x_wconf 88' lang='lat' dir='ltr'>non</span> <span class='ocrx_word' id='word_1_95' title='bbox 190 1115 348 1161; x_wconf 84' lang='lat' dir='ltr'>sufficit</span> <span class='ocrx_word' id='word_1_96' title='bbox 367 1116 486 1177; x_wconf 89' lang='lat' dir='ltr'>quod</span> <span class='ocrx_word' id='word_1_97' title='bbox 505 1134 653 1161; x_wconf 88' lang='lat' dir='ltr'>eorum</span> <span class='ocrx_word' id='word_1_98' title='bbox 675 1116 893 1178; x_wconf 82' lang='lat' dir='ltr'>supplicia</span> <span class='ocrx_word' id='word_1_99' title='bbox 913 1116 1187 1160; x_wconf 81' lang='lat' dir='ltr'>differuntur.</span> <span class='ocrx_word' id='word_1_100' title='bbox 1215 1114 1305 1157; x_wconf 88' lang='lat' dir='ltr'>Nec</span> <span class='ocrx_word' id='word_1_101' title='bbox 1323 1112 1376 1157; x_wconf 92' lang='lat' dir='ltr'>de</span> <span class='ocrx_word' id='word_1_102' title='bbox 1392 1112 1462 1157; x_wconf 87' lang='lat' dir='ltr'>his</span> 
     </span>
     <span class='ocr_line' id='line_1_14' title="bbox 84 1181 1462 1248; baseline -0.004 -17"><span class='ocrx_word' id='word_1_103' title='bbox 84 1204 160 1246; x_wconf 82' lang='lat' dir='ltr'>ago</span> <span class='ocrx_word' id='word_1_104' title='bbox 182 1224 192 1235; x_wconf 78' lang='grc'>,</span> <span class='ocrx_word' id='word_1_105' title='bbox 213 1187 258 1230; x_wconf 90' lang='lat' dir='ltr'>in</span> <span class='ocrx_word' id='word_1_106' title='bbox 277 1186 441 1248; x_wconf 83' lang='lat' dir='ltr'>quibus</span> <span class='ocrx_word' id='word_1_107' title='bbox 467 1186 729 1248; x_wconf 83' lang='lat' dir='ltr'>estquidam</span> <span class='ocrx_word' id='word_1_108' title='bbox 756 1185 960 1247; x_wconf 80' lang='lat' dir='ltr'>placendi</span> <span class='ocrx_word' id='word_1_109' title='bbox 992 1184 1233 1247; x_wconf 79' lang='lat' dir='ltr'>appetitus,</span> <span class='ocrx_word' id='word_1_110' title='bbox 1271 1193 1346 1227; x_wconf 87' lang='lat' dir='ltr'>aut</span> <span class='ocrx_word' id='word_1_111' title='bbox 1373 1181 1462 1227; x_wconf 91' lang='lat' dir='ltr'>ele-</span> 
     </span>
     <span class='ocr_line' id='line_1_15' title="bbox 83 1252 1464 1316; baseline -0.004 -16"><span class='ocrx_word' id='word_1_112' title='bbox 83 1256 275 1314; x_wconf 80' lang='lat' dir='ltr'>gantiore</span> <span class='ocrx_word' id='word_1_113' title='bbox 295 1254 450 1299; x_wconf 70' lang='lat' dir='ltr'>vestitu</span> <span class='ocrx_word' id='word_1_114' title='bbox 470 1270 601 1315; x_wconf 89' lang='lat' dir='ltr'>quam</span> <span class='ocrx_word' id='word_1_115' title='bbox 620 1264 753 1299; x_wconf 84' lang='lat' dir='ltr'>tantae</span> <span class='ocrx_word' id='word_1_116' title='bbox 772 1253 1050 1316; x_wconf 77' lang='lat' dir='ltr'>profi-ssionis</span> <span class='ocrx_word' id='word_1_117' title='bbox 1072 1252 1297 1297; x_wconf 83' lang='lat' dir='ltr'>necessitas</span> <span class='ocrx_word' id='word_1_118' title='bbox 1315 1261 1464 1314; x_wconf 87' lang='lat' dir='ltr'>postu-</span> 
     </span>
     <span class='ocr_line' id='line_1_16' title="bbox 82 1321 1463 1386; baseline -0.001 -18"><span class='ocrx_word' id='word_1_119' title='bbox 82 1324 142 1369; x_wconf 87' lang='lat' dir='ltr'>lat</span> <span class='ocrx_word' id='word_1_120' title='bbox 158 1362 168 1373; x_wconf 83' lang='grc'>,</span> <span class='ocrx_word' id='word_1_121' title='bbox 199 1335 275 1368; x_wconf 83' lang='lat' dir='ltr'>aut</span> <span class='ocrx_word' id='word_1_122' title='bbox 294 1323 448 1386; x_wconf 84' lang='lat' dir='ltr'>capitis</span> <span class='ocrx_word' id='word_1_123' title='bbox 472 1323 707 1382; x_wconf 84' lang='lat' dir='ltr'>ligamento</span> <span class='ocrx_word' id='word_1_124' title='bbox 725 1323 938 1378; x_wconf 88' lang='lat' dir='ltr'>notabili,</span> <span class='ocrx_word' id='word_1_125' title='bbox 964 1324 1050 1368; x_wconf 74' lang='lat' dir='ltr'>sive</span> <span class='ocrx_word' id='word_1_126' title='bbox 1068 1321 1344 1385; x_wconf 83' lang='lat' dir='ltr'>praetumidis</span> <span class='ocrx_word' id='word_1_127' title='bbox 1359 1338 1463 1366; x_wconf 83' lang='lat' dir='ltr'>um-</span> 
     </span>
     <span class='ocr_line' id='line_1_17' title="bbox 84 1390 1463 1456; baseline -0.003 -17"><span class='ocrx_word' id='word_1_128' title='bbox 84 1394 273 1439; x_wconf 85' lang='lat' dir='ltr'>bonibus</span> <span class='ocrx_word' id='word_1_129' title='bbox 284 1393 562 1456; x_wconf 82' lang='lat' dir='ltr'>capillorum,</span> <span class='ocrx_word' id='word_1_130' title='bbox 586 1394 673 1438; x_wconf 62' lang='lat' dir='ltr'>sive</span> <span class='ocrx_word' id='word_1_131' title='bbox 693 1393 955 1452; x_wconf 80' lang='lat' dir='ltr'>tegminibus</span> <span class='ocrx_word' id='word_1_132' title='bbox 977 1393 1037 1438; x_wconf 84' lang='lat' dir='ltr'>ita</span> <span class='ocrx_word' id='word_1_133' title='bbox 1052 1392 1225 1446; x_wconf 84' lang='lat' dir='ltr'>teneris,</span> <span class='ocrx_word' id='word_1_134' title='bbox 1248 1402 1296 1436; x_wconf 90' lang='lat' dir='ltr'>ut</span> <span class='ocrx_word' id='word_1_135' title='bbox 1311 1390 1463 1436; x_wconf 87' lang='lat' dir='ltr'>retiola</span> 
     </span>
     <span class='ocr_line' id='line_1_18' title="bbox 85 1461 1460 1526; baseline -0.003 -17"><span class='ocrx_word' id='word_1_136' title='bbox 85 1465 230 1509; x_wconf 75' lang='lat' dir='ltr'>subter</span> <span class='ocrx_word' id='word_1_137' title='bbox 264 1464 403 1526; x_wconf 77' lang='lat' dir='ltr'>posita</span> <span class='ocrx_word' id='word_1_138' title='bbox 441 1475 683 1526; x_wconf 80' lang='lat' dir='ltr'>appareant</span> <span class='ocrx_word' id='word_1_139' title='bbox 721 1481 732 1506; x_wconf 72' lang='grc' dir='ltr'>ε</span> <span class='ocrx_word' id='word_1_140' title='bbox 776 1463 843 1507; x_wconf 82' lang='lat' dir='ltr'>his</span> <span class='ocrx_word' id='word_1_141' title='bbox 878 1462 1075 1508; x_wconf 84' lang='lat' dir='ltr'>nondum</span> <span class='ocrx_word' id='word_1_142' title='bbox 1103 1462 1155 1507; x_wconf 87' lang='lat' dir='ltr'>de</span> <span class='ocrx_word' id='word_1_143' title='bbox 1189 1461 1460 1517; x_wconf 84' lang='lat' dir='ltr'>bumilitate,</span> 
     </span>
     <span class='ocr_line' id='line_1_19' title="bbox 86 1530 1465 1596; baseline -0.002 -17"><span class='ocrx_word' id='word_1_144' title='bbox 86 1534 157 1580; x_wconf 88' lang='lat' dir='ltr'>sed</span> <span class='ocrx_word' id='word_1_145' title='bbox 177 1534 230 1579; x_wconf 85' lang='lat' dir='ltr'>de</span> <span class='ocrx_word' id='word_1_146' title='bbox 253 1535 347 1596; x_wconf 82' lang='lat' dir='ltr'>ipsa</span> <span class='ocrx_word' id='word_1_147' title='bbox 370 1535 564 1579; x_wconf 85' lang='lat' dir='ltr'>castitate</span> <span class='ocrx_word' id='word_1_148' title='bbox 585 1533 651 1578; x_wconf 84' lang='lat' dir='ltr'>vel</span> <span class='ocrx_word' id='word_1_149' title='bbox 669 1534 912 1592; x_wconf 80' lang='lat' dir='ltr'>integritate</span> <span class='ocrx_word' id='word_1_150' title='bbox 932 1532 1161 1595; x_wconf 83' lang='lat' dir='ltr'>pudicitiae</span> <span class='ocrx_word' id='word_1_151' title='bbox 1180 1530 1324 1576; x_wconf 86' lang='lat' dir='ltr'>danda</span> <span class='ocrx_word' id='word_1_152' title='bbox 1344 1548 1465 1593; x_wconf 81' lang='lat' dir='ltr'>prae-</span> 
     </span>
     <span class='ocr_line' id='line_1_20' title="bbox 85 1601 1463 1665; baseline -0.001 -18"><span class='ocrx_word' id='word_1_153' title='bbox 85 1614 210 1665; x_wconf 83' lang='lat' dir='ltr'>cepta</span> <span class='ocrx_word' id='word_1_154' title='bbox 226 1614 339 1649; x_wconf 84' lang='lat' dir='ltr'>sunt.</span> <span class='ocrx_word' id='word_1_155' title='bbox 359 1605 425 1647; x_wconf 83' lang='lat' dir='ltr'>Da</span> <span class='ocrx_word' id='word_1_156' title='bbox 445 1603 549 1647; x_wconf 75' lang='lat' dir='ltr'>mihi</span> <span class='ocrx_word' id='word_1_157' title='bbox 572 1604 846 1665; x_wconf 81' lang='lat' dir='ltr'>profitentem</span> <span class='ocrx_word' id='word_1_158' title='bbox 861 1613 1117 1665; x_wconf 77' lang='lat' dir='ltr'>perpetuam</span> <span class='ocrx_word' id='word_1_159' title='bbox 1133 1601 1463 1655; x_wconf 75' lang='lat' dir='ltr'>continentiam,</span> 
     </span>
     <span class='ocr_line' id='line_1_21' title="bbox 87 1671 1468 1736; baseline -0.002 -18"><span class='ocrx_word' id='word_1_160' title='bbox 87 1685 215 1736; x_wconf 85' lang='lat' dir='ltr'>atque</span> <span class='ocrx_word' id='word_1_161' title='bbox 234 1673 303 1717; x_wconf 84' lang='lat' dir='ltr'>his</span> <span class='ocrx_word' id='word_1_162' title='bbox 324 1683 365 1717; x_wconf 89' lang='lat' dir='ltr'>et</span> <span class='ocrx_word' id='word_1_163' title='bbox 388 1673 642 1731; x_wconf 82' lang='lat' dir='ltr'>hujusmodi</span> <span class='ocrx_word' id='word_1_164' title='bbox 662 1673 865 1717; x_wconf 88' lang='lat' dir='ltr'>omnibus</span> <span class='ocrx_word' id='word_1_165' title='bbox 887 1683 1104 1717; x_wconf 85' lang='lat' dir='ltr'>carentem</span> <span class='ocrx_word' id='word_1_166' title='bbox 1126 1671 1241 1716; x_wconf 70' lang='lat' dir='ltr'>vitiis</span> <span class='ocrx_word' id='word_1_167' title='bbox 1263 1681 1305 1716; x_wconf 91' lang='lat' dir='ltr'>et</span> <span class='ocrx_word' id='word_1_168' title='bbox 1320 1687 1468 1716; x_wconf 87' lang='lat' dir='ltr'>macu-</span> 
     </span>
     <span class='ocr_line' id='line_1_22' title="bbox 87 1742 1468 1805; baseline -0.002 -17"><span class='ocrx_word' id='word_1_169' title='bbox 87 1745 137 1788; x_wconf 91' lang='lat' dir='ltr'>lis</span> <span class='ocrx_word' id='word_1_170' title='bbox 176 1760 372 1795; x_wconf 88' lang='lat' dir='ltr'>morum,</span> <span class='ocrx_word' id='word_1_171' title='bbox 415 1743 522 1786; x_wconf 87' lang='lat' dir='ltr'>huic</span> <span class='ocrx_word' id='word_1_172' title='bbox 562 1743 810 1805; x_wconf 74' lang='lat' dir='ltr'>superbiam</span> <span class='ocrx_word' id='word_1_173' title='bbox 848 1743 978 1787; x_wconf 87' lang='lat' dir='ltr'>timeo</span> <span class='ocrx_word' id='word_1_174' title='bbox 995 1779 1006 1797; x_wconf 87' lang='lat'>,</span> <span class='ocrx_word' id='word_1_175' title='bbox 1048 1742 1154 1786; x_wconf 88' lang='lat' dir='ltr'>huic</span> <span class='ocrx_word' id='word_1_176' title='bbox 1187 1752 1276 1786; x_wconf 86' lang='lat' dir='ltr'>tam</span> <span class='ocrx_word' id='word_1_177' title='bbox 1311 1758 1468 1800; x_wconf 81' lang='lat' dir='ltr'>magno</span> 
     </span>
     <span class='ocr_line' id='line_1_23' title="bbox 87 1811 1467 1870; baseline -0.001 -13"><span class='ocrx_word' id='word_1_178' title='bbox 87 1814 204 1858; x_wconf 89' lang='lat' dir='ltr'>bono</span> <span class='ocrx_word' id='word_1_179' title='bbox 228 1829 275 1857; x_wconf 88' lang='lat' dir='ltr'>ex</span> <span class='ocrx_word' id='word_1_180' title='bbox 300 1812 496 1857; x_wconf 83' lang='lat' dir='ltr'>elationis</span> <span class='ocrx_word' id='word_1_181' title='bbox 520 1823 688 1857; x_wconf 89' lang='lat' dir='ltr'>tumore</span> <span class='ocrx_word' id='word_1_182' title='bbox 713 1813 915 1858; x_wconf 82' lang='lat' dir='ltr'>formido.</span> <span class='ocrx_word' id='word_1_183' title='bbox 947 1814 1047 1867; x_wconf 74' lang='lat' dir='ltr'>Quo</span> <span class='ocrx_word' id='word_1_184' title='bbox 1068 1813 1201 1870; x_wconf 84' lang='lat' dir='ltr'>magis</span> <span class='ocrx_word' id='word_1_185' title='bbox 1222 1812 1331 1856; x_wconf 89' lang='lat' dir='ltr'>inest</span> <span class='ocrx_word' id='word_1_186' title='bbox 1352 1811 1467 1856; x_wconf 89' lang='lat' dir='ltr'>unde</span> 
     </span>
     <span class='ocr_line' id='line_1_24' title="bbox 88 1880 1469 1944; baseline -0.001 -17"><span class='ocrx_word' id='word_1_187' title='bbox 88 1883 170 1927; x_wconf 87' lang='lat' dir='ltr'>sibi</span> <span class='ocrx_word' id='word_1_188' title='bbox 202 1882 371 1944; x_wconf 81' lang='lat' dir='ltr'>placcat</span> <span class='ocrx_word' id='word_1_189' title='bbox 387 1918 397 1935; x_wconf 74' lang='grc'>,</span> <span class='ocrx_word' id='word_1_190' title='bbox 434 1899 483 1926; x_wconf 87' lang='lat' dir='ltr'>eo</span> <span class='ocrx_word' id='word_1_191' title='bbox 513 1883 648 1941; x_wconf 81' lang='lat' dir='ltr'>magis</span> <span class='ocrx_word' id='word_1_192' title='bbox 672 1899 821 1927; x_wconf 68' lang='lat' dir='ltr'>vereor</span> <span class='ocrx_word' id='word_1_193' title='bbox 837 1919 848 1936; x_wconf 81' lang='lat'>,</span> <span class='ocrx_word' id='word_1_194' title='bbox 881 1900 933 1927; x_wconf 89' lang='lat' dir='ltr'>ne</span> <span class='ocrx_word' id='word_1_195' title='bbox 951 1883 1033 1926; x_wconf 87' lang='lat' dir='ltr'>sibi</span> <span class='ocrx_word' id='word_1_196' title='bbox 1053 1881 1268 1944; x_wconf 84' lang='lat' dir='ltr'>placendo</span> <span class='ocrx_word' id='word_1_197' title='bbox 1293 1880 1356 1925; x_wconf 90' lang='lat' dir='ltr'>illi</span> <span class='ocrx_word' id='word_1_198' title='bbox 1376 1881 1469 1926; x_wconf 86' lang='lat' dir='ltr'>dis-</span> 
     </span>
     <span class='ocr_line' id='line_1_25' title="bbox 87 1950 1472 2014; baseline -0.001 -18"><span class='ocrx_word' id='word_1_199' title='bbox 87 1951 271 2014; x_wconf 84' lang='lat' dir='ltr'>pliceat,</span> <span class='ocrx_word' id='word_1_200' title='bbox 306 1952 382 2013; x_wconf 92' lang='lat' dir='ltr'>qui</span> <span class='ocrx_word' id='word_1_201' title='bbox 425 1972 444 1991; x_wconf 76' lang='grc' dir='ltr'>α</span> <span class='ocrx_word' id='word_1_202' title='bbox 473 1951 683 2013; x_wconf 86' lang='lat' dir='ltr'>Superbis</span> <span class='ocrx_word' id='word_1_203' title='bbox 723 1951 909 2006; x_wconf 75' lang='lat' dir='ltr'>resistit,</span> <span class='ocrx_word' id='word_1_204' title='bbox 947 1951 1194 1996; x_wconf 86' lang='lat' dir='ltr'>humilibus</span> <span class='ocrx_word' id='word_1_205' title='bbox 1225 1961 1367 1995; x_wconf 84' lang='lat' dir='ltr'>autem</span> <span class='ocrx_word' id='word_1_206' title='bbox 1394 1950 1472 1995; x_wconf 85' lang='lat' dir='ltr'>dat</span> 
     </span>
     <span class='ocr_line' id='line_1_26' title="bbox 90 2022 407 2081; baseline 0.003 -15"><span class='ocrx_word' id='word_1_207' title='bbox 90 2044 109 2063; x_wconf 87' lang='lat'>»</span> <span class='ocrx_word' id='word_1_208' title='bbox 129 2022 358 2081; x_wconf 70' lang='lat' dir='ltr'>graliam&#39;2.</span> <span class='ocrx_word' id='word_1_209' title='bbox 388 2044 407 2062; x_wconf 66' lang='lat'>&gt;³</span> 
     </span>
    </p>

    <p class='ocr_par' dir='ltr' id='par_1_2' title="bbox 90 2089 1471 2576">
     <span class='ocr_line' id='line_1_27' title="bbox 155 2089 1470 2154; baseline -0.001 -17"><span class='ocrx_word' id='word_1_210' title='bbox 155 2092 333 2139; x_wconf 67' lang='lat' dir='ltr'>XXXV.</span> <span class='ocrx_word' id='word_1_211' title='bbox 377 2092 502 2137; x_wconf 86' lang='lat' dir='ltr'>Certe</span> <span class='ocrx_word' id='word_1_212' title='bbox 531 2092 808 2154; x_wconf 81' lang='lat' dir='ltr'>praecipuum</span> <span class='ocrx_word' id='word_1_213' title='bbox 839 2091 1137 2150; x_wconf 84' lang='lat' dir='ltr'>magisterium</span> <span class='ocrx_word' id='word_1_214' title='bbox 1175 2100 1216 2135; x_wconf 88' lang='lat' dir='ltr'>et</span> <span class='ocrx_word' id='word_1_215' title='bbox 1250 2089 1470 2149; x_wconf 67' lang='lat' dir='ltr'>virginalis</span> 
     </span>
     <span class='ocr_line' id='line_1_28' title="bbox 90 2159 1463 2224; baseline 0 -18"><span class='ocrx_word' id='word_1_216' title='bbox 90 2162 346 2221; x_wconf 81' lang='lat' dir='ltr'>integritatis</span> <span class='ocrx_word' id='word_1_217' title='bbox 369 2161 613 2223; x_wconf 81' lang='lat' dir='ltr'>exemplum</span> <span class='ocrx_word' id='word_1_218' title='bbox 648 2163 693 2205; x_wconf 88' lang='lat' dir='ltr'>in</span> <span class='ocrx_word' id='word_1_219' title='bbox 730 2162 825 2224; x_wconf 84' lang='lat' dir='ltr'>ipso</span> <span class='ocrx_word' id='word_1_220' title='bbox 849 2161 1026 2205; x_wconf 87' lang='lat' dir='ltr'>Christo</span> <span class='ocrx_word' id='word_1_221' title='bbox 1058 2159 1354 2205; x_wconf 85' lang='lat' dir='ltr'>contuendum</span> <span class='ocrx_word' id='word_1_222' title='bbox 1387 2171 1463 2206; x_wconf 86' lang='lat' dir='ltr'>est.</span> 
     </span>
     <span class='ocr_line' id='line_1_29' title="bbox 93 2229 1469 2293; baseline -0.001 -17"><span class='ocrx_word' id='word_1_223' title='bbox 93 2231 211 2287; x_wconf 81' lang='lat' dir='ltr'>Quid</span> <span class='ocrx_word' id='word_1_224' title='bbox 244 2248 342 2290; x_wconf 77' lang='lat' dir='ltr'>ergo</span> <span class='ocrx_word' id='word_1_225' title='bbox 375 2230 559 2293; x_wconf 80' lang='lat' dir='ltr'>amplius</span> <span class='ocrx_word' id='word_1_226' title='bbox 585 2230 910 2275; x_wconf 85' lang='lat' dir='ltr'>continentibus</span> <span class='ocrx_word' id='word_1_227' title='bbox 937 2230 990 2275; x_wconf 89' lang='lat' dir='ltr'>de</span> <span class='ocrx_word' id='word_1_228' title='bbox 1030 2229 1276 2274; x_wconf 83' lang='lat' dir='ltr'>humilitate</span> <span class='ocrx_word' id='word_1_229' title='bbox 1305 2229 1469 2292; x_wconf 85' lang='lat' dir='ltr'>praeci-</span> 
     </span>
     <span class='ocr_line' id='line_1_30' title="bbox 94 2299 1466 2364; baseline -0.001 -18"><span class='ocrx_word' id='word_1_230' title='bbox 94 2302 228 2364; x_wconf 82' lang='lat' dir='ltr'>piam,</span> <span class='ocrx_word' id='word_1_231' title='bbox 251 2318 381 2363; x_wconf 85' lang='lat' dir='ltr'>quam</span> <span class='ocrx_word' id='word_1_232' title='bbox 398 2300 516 2363; x_wconf 89' lang='lat' dir='ltr'>quod</span> <span class='ocrx_word' id='word_1_233' title='bbox 537 2299 605 2344; x_wconf 86' lang='lat' dir='ltr'>ille</span> <span class='ocrx_word' id='word_1_234' title='bbox 623 2300 698 2362; x_wconf 90' lang='lat' dir='ltr'>qui</span> <span class='ocrx_word' id='word_1_235' title='bbox 719 2301 924 2346; x_wconf 89' lang='lat' dir='ltr'>omnibus</span> <span class='ocrx_word' id='word_1_236' title='bbox 948 2300 1056 2345; x_wconf 87' lang='lat' dir='ltr'>dicit</span> <span class='ocrx_word' id='word_1_237' title='bbox 1080 2318 1090 2344; x_wconf 90' lang='lat'><strong>:</strong></span> <span class='ocrx_word' id='word_1_238' title='bbox 1115 2321 1134 2340; x_wconf 87' lang='lat'>«</span> <span class='ocrx_word' id='word_1_239' title='bbox 1159 2300 1320 2345; x_wconf 65' lang='lat' dir='ltr'>Discite</span> <span class='ocrx_word' id='word_1_240' title='bbox 1341 2317 1363 2344; x_wconf 85' lang='lat' dir='ltr'>a</span> <span class='ocrx_word' id='word_1_241' title='bbox 1380 2317 1466 2356; x_wconf 85' lang='lat' dir='ltr'>me,</span> 
     </span>
     <span class='ocr_line' id='line_1_31' title="bbox 94 2370 1469 2434; baseline -0.001 -18"><span class='ocrx_word' id='word_1_242' title='bbox 94 2371 337 2434; x_wconf 82' lang='lat' dir='ltr'>»quoniam</span> <span class='ocrx_word' id='word_1_243' title='bbox 363 2371 477 2416; x_wconf 86' lang='lat' dir='ltr'>mitis</span> <span class='ocrx_word' id='word_1_244' title='bbox 501 2388 594 2415; x_wconf 87' lang='lat' dir='ltr'>sum</span> <span class='ocrx_word' id='word_1_245' title='bbox 623 2381 665 2415; x_wconf 86' lang='lat' dir='ltr'>et</span> <span class='ocrx_word' id='word_1_246' title='bbox 686 2371 864 2416; x_wconf 89' lang='lat' dir='ltr'>humilis</span> <span class='ocrx_word' id='word_1_247' title='bbox 889 2371 1045 2417; x_wconf 74' lang='lat' dir='ltr'>corde3</span> <span class='ocrx_word' id='word_1_248' title='bbox 1062 2375 1081 2416; x_wconf 70' lang='lat'>⁴?</span> <span class='ocrx_word' id='word_1_249' title='bbox 1101 2393 1119 2412; x_wconf 68' lang='lat'>&gt;2</span> <span class='ocrx_word' id='word_1_250' title='bbox 1139 2387 1235 2416; x_wconf 90' lang='lat' dir='ltr'>cum</span> <span class='ocrx_word' id='word_1_251' title='bbox 1258 2370 1469 2428; x_wconf 81' lang='lat' dir='ltr'>magnitu-</span> 
     </span>
     <span class='ocr_line' id='line_1_32' title="bbox 94 2439 1471 2504; baseline -0.001 -17"><span class='ocrx_word' id='word_1_252' title='bbox 94 2442 238 2487; x_wconf 85' lang='lat' dir='ltr'>dinem</span> <span class='ocrx_word' id='word_1_253' title='bbox 275 2458 396 2486; x_wconf 86' lang='lat' dir='ltr'>suam</span> <span class='ocrx_word' id='word_1_254' title='bbox 429 2458 561 2504; x_wconf 84' lang='lat' dir='ltr'>supra</span> <span class='ocrx_word' id='word_1_255' title='bbox 594 2453 1005 2487; x_wconf 86' lang='lat' dir='ltr'>commemorasset:</span> <span class='ocrx_word' id='word_1_256' title='bbox 1040 2452 1082 2486; x_wconf 87' lang='lat' dir='ltr'>ct</span> <span class='ocrx_word' id='word_1_257' title='bbox 1104 2440 1296 2502; x_wconf 88' lang='lat' dir='ltr'>idipsum</span> <span class='ocrx_word' id='word_1_258' title='bbox 1325 2439 1471 2486; x_wconf 73' lang='lat' dir='ltr'>volens</span> 
     </span>
     <span class='ocr_line' id='line_1_33' title="bbox 96 2508 1469 2576; baseline -0.001 -19"><span class='ocrx_word' id='word_1_259' title='bbox 96 2511 342 2568; x_wconf 81' lang='lat' dir='ltr'>ostendere,</span> <span class='ocrx_word' id='word_1_260' title='bbox 366 2522 553 2574; x_wconf 86' lang='lat' dir='ltr'>quantus</span> <span class='ocrx_word' id='word_1_261' title='bbox 578 2522 759 2575; x_wconf 85' lang='lat' dir='ltr'>propter</span> <span class='ocrx_word' id='word_1_262' title='bbox 790 2530 869 2557; x_wconf 77' lang='lat' dir='ltr'>nos</span> <span class='ocrx_word' id='word_1_263' title='bbox 894 2511 1137 2576; x_wconf 79' lang='lat' dir='ltr'>quantiHus</span> <span class='ocrx_word' id='word_1_264' title='bbox 1167 2508 1344 2554; x_wconf 86' lang='lat' dir='ltr'>effectus</span> <span class='ocrx_word' id='word_1_265' title='bbox 1373 2521 1433 2555; x_wconf 87' lang='lat' dir='ltr'>est</span> <span class='ocrx_word' id='word_1_266' title='bbox 1458 2528 1469 2556; x_wconf 72' lang='grc' dir='ltr'><strong>ε</strong></span> 
     </span>
    </p>
   </div>
   <div class='ocr_carea' id='block_1_2' title="bbox 145 2592 1113 2633">
    <p class='ocr_par' dir='ltr' id='par_1_3' title="bbox 145 2592 1113 2633">
     <span class='ocr_line' id='line_1_34' title="bbox 145 2592 1113 2633; baseline 0 -9"><span class='ocrx_word' id='word_1_267' title='bbox 145 2595 153 2617; x_wconf 89' lang='lat'><strong>¹</strong></span> <span class='ocrx_word' id='word_1_268' title='bbox 179 2607 187 2624; x_wconf 90' lang='lat'>1</span> <span class='ocrx_word' id='word_1_269' title='bbox 208 2593 290 2626; x_wconf 80' lang='lat' dir='ltr'>Tirn.</span> <span class='ocrx_word' id='word_1_270' title='bbox 314 2606 341 2627; x_wconf 74' lang='lat' dir='ltr'>v.</span> <span class='ocrx_word' id='word_1_271' title='bbox 366 2596 396 2625; x_wconf 72' lang='grc'>6,</span> <span class='ocrx_word' id='word_1_272' title='bbox 416 2612 457 2617; x_wconf 81' lang='lat'>——</span> <span class='ocrx_word' id='word_1_273' title='bbox 478 2592 492 2614; x_wconf 49' lang='grc' dir='ltr'><strong><em>Ψ</em></strong></span> <span class='ocrx_word' id='word_1_274' title='bbox 512 2594 625 2627; x_wconf 73' lang='lat' dir='ltr'>Jacob.</span> <span class='ocrx_word' id='word_1_275' title='bbox 651 2605 692 2630; x_wconf 71' lang='grc' dir='ltr'>ιν,</span> <span class='ocrx_word' id='word_1_276' title='bbox 713 2597 744 2626; x_wconf 76' lang='grc'>6,</span> <span class='ocrx_word' id='word_1_277' title='bbox 762 2613 806 2619; x_wconf 83' lang='lat'>--</span> <span class='ocrx_word' id='word_1_278' title='bbox 825 2593 838 2617; x_wconf 78' lang='lat'><strong>3</strong></span> <span class='ocrx_word' id='word_1_279' title='bbox 860 2595 976 2626; x_wconf 73' lang='lat' dir='ltr'>Mattb.</span> <span class='ocrx_word' id='word_1_280' title='bbox 996 2606 1038 2630; x_wconf 70' lang='lat' dir='ltr'>xv,</span> <span class='ocrx_word' id='word_1_281' title='bbox 1059 2606 1113 2633; x_wconf 74' lang='lat'>29.</span> 
     </span>
    </p>
   </div>
  </div>
 </body>
</html>
