1758 3246
264 257 358 316 438
686 272 720 301 s.
763 270 1006 304 Aucusrmr
1040 274 1242 307 EPlscoPl

264 339 332 385 vel
369 337 550 400 propria
586 336 656 382 vel
694 336 849 394 aliena,
887 340 1056 385 veritati
1093 340 1332 404 praeponit,
1369 339 1635 404 quicumque

264 407 498 473 mentitum
525 423 612 470 quo
637 407 742 470 quid
769 408 859 454 fieri
885 419 1025 471 potest
1046 411 1314 472 perversius?
1340 421 1414 456 aut
1439 426 1539 455 cum
1557 426 1636 454 ve-

265 475 381 523 ritati
407 475 702 540 adipiscendae
726 478 970 540 opitulante
1001 480 1227 526 mendacio
1253 480 1347 527 vult
1374 479 1513 525 facere
1537 479 1638 525 ido-

266 563 415 602 neum,
434 545 685 592 intercludit
704 547 871 593 aditum
891 549 1088 602 veritati3
1110 549 1255 595 volens
1274 551 1388 596 enirn
1406 567 1506 596 cum
1527 567 1641 595 men-

266 617 372 662 titur
386 632 472 661 esse
486 627 629 679 aptuS‚
648 617 698 661 fit
711 634 812 662 cum
830 636 982 664 verum
999 619 1108 664 dicit
1120 620 1321 667 incertus.
1343 620 1642 677 Quamobrem

268 697 343 732 aut
361 702 450 731 non
468 697 531 731 est
549 685 815 732 credendum
832 688 976 745 bonis,
1005 699 1080 734 aut
1099 688 1365 734 credendum
1382 700 1444 735 est
1460 690 1517 735 eis
1535 705 1645 752 quos

267 756 482 802 credimus
501 755 657 801 debere
682 755 918 819 aliquando
943 758 1137 813 mentiri,
1166 769 1242 804 aut
1258 776 1347 804 non
1370 769 1432 804 est
1459 758 1644 804 creden-

269 826 375 871 dum
390 819 528 870 bonos
544 824 778 887 aliquando
797 828 971 873 mentiri
987 846 997 872 ι
1012 828 1174 873 horum
1192 829 1323 874 trium
1336 829 1530 891 primum
1548 845 1646 890 per-

270 895 481 940 niciosum
503 905 581 949 est,
602 896 842 941 secundum
861 897 1042 943 stultum
1057 908 1210 943 :restat
1227 915 1326 957 ergo
1350 909 1400 943 ut
1421 914 1647 961 nunquam

270 964 536 1010 mentiantur
559 964 680 1011 boni.

335 1035 438 1081 XII.
482 1034 555 1079 Sic
582 1034 661 1080 ista
686 1036 924 1098 quaestione
951 1054 998 1082 ex
1023 1048 1207 1101 utraque
1229 1047 1354 1100 parte
1381 1037 1651 1084 considerata

276 1114 400 1167 atque
431 1114 634 1159 tractata,
673 1122 761 1150 non
796 1116 939 1151 tamen
961 1106 1087 1153 facile
1116 1106 1293 1152 ferenda
1326 1108 1533 1153 sententia
1561 1118 1648 1153 est:

272 1174 345 1227 sed
377 1173 523 1219 adhue
558 1173 784 1234 diligenter
816 1175 1023 1222 audiendi
1056 1178 1133 1239 qui
1165 1177 1321 1222 dicunt
1360 1177 1531 1223 nullum
1569 1192 1656 1224 esse

278 1253 365 1288 tam
385 1243 550 1308 malum
573 1242 757 1300 factum,
783 1245 903 1308 quod
926 1263 1015 1290 non
1044 1247 1090 1290 in
1118 1246 1278 1308 pejoris
1301 1246 1564 1292 devitatione
1586 1246 1655 1292 fa-

278 1312 483 1358 ciendum
512 1313 589 1365 sit;
626 1314 842 1376 pertinere
874 1326 1018 1360 autem
1054 1315 1108 1360 ad
1141 1315 1257 1360 facta
1288 1316 1536 1372 hominum,
1570 1333 1658 1362 non

216 1418 220 1419 ν
280 1381 422 1435 solum
453 1381 671 1445 quidquid
700 1382 885 1438 faciunt,
917 1384 989 1428 sed
1020 1383 1238 1446 quidquid
1263 1383 1391 1428 etiam
1422 1400 1522 1429 cum
1549 1401 1657 1430 con-

218 1483 257 1512 4.
274 1451 473 1507 ›sensione
491 1452 732 1513 patiuntur.
760 1452 885 1497 [Inde
903 1452 936 1496 si
953 1452 1091 1497 extitit
1109 1467 1239 1496 causa
1259 1462 1308 1496 ut
1323 1451 1497 1511 eligeret
1512 1453 1661 1499 Chris-

283 1522 426 1567 tianus
448 1520 701 1566 thurificare
718 1521 864 1577 idolis,
889 1539 942 1567 ue
965 1521 1226 1567 consentiret
1249 1532 1401 1584 stupro
1424 1522 1543 1584 quod
1565 1540 1661 1586 per—

286 1601 455 1636 secutor
474 1589 512 1635 ei
534 1589 615 1635 nisi
638 1590 796 1635 faceret
816 1591 1090 1643 minabatur3
1115 1600 1229 1636 recte
1248 1590 1452 1635 videntur
1471 1608 1664 1653 quaerere

288 1677 475 1719 curbnou
502 1660 630 1705 etiam
654 1661 924 1717 mentiretur,
952 1672 999 1706 ut
1018 1671 1183 1706 tantam
1205 1660 1325 1705 illam
1348 1661 1665 1723 turpitudinem

288 1730 512 1789 devitaret.
555 1732 700 1793 Ipsam
734 1733 849 1776 enim
883 1732 1237 1786 consensionem,
1275 1747 1360 1793 qua
1395 1748 1437 1776 se
1465 1742 1667 1794 stuprum

263 1836 266 1838 ψ
290 1801 384 1864 pati
415 1800 579 1857 mallet,
603 1817 737 1864 quam
766 1801 1020 1847 thurificare
1048 1801 1191 1855 idolis,
1219 1817 1308 1846 non
1334 1801 1575 1862 passionem
1594 1802 1667 1847 di-

294 1882 401 1917 cunt
422 1888 526 1926 esse,
549 1870 622 1919 sed
640 1871 804 1917 factum
823 1890 834 1916 :
852 1872 972 1934 quod
992 1889 1043 1916 ne
1059 1871 1236 1925 faceret,
1252 1869 1378 1928 elegit
1394 1871 1662 1918 thurificare.

301 1940 476 1996 Quanto
511 1936 644 2001 igitur
687 1941 962 1987 mendacium
987 1940 1224 2004 proclivius
1247 1938 1458 1998 elegisset,
1486 1941 1521 1986 si
1545 1957 1670 1986 men-

297 2009 423 2055 dacio
448 2022 592 2074 posset
619 2029 641 2057 a
671 2021 819 2057 sancto
842 2027 1023 2074 corpore
1050 2021 1139 2056 tam
1157 2009 1345 2054 immane
1368 2009 1581 2069 flagitium
1602 2027 1672 2056 re-

299 2098 471 2126 movere
486 2084 504 2126 ἓ

365 2152 492 2198 XIII.
537 2152 588 2196 In
608 2168 694 2214 qua
710 2153 1007 2215 propositione
1025 2152 1104 2197 ista
1123 2161 1223 2196 sunt
1243 2167 1343 2214 quae
1362 2149 1516 2196 merito
1537 2150 1677 2212 quaeri

301 2232 510 2286 possunt:
528 2233 675 2268 utrum
693 2222 790 2268 talis
809 2223 1031 2268 consensio
1049 2239 1130 2285 pro
1147 2220 1261 2267 facto
1282 2219 1487 2266 habenda
1501 2219 1554 2264 sit
1570 2239 1581 2273 ;
1605 2230 1679 2265 aut

303 2303 451 2338 utrum
476 2293 697 2338 consensio
720 2292 903 2338 dicenda
924 2294 977 2338 sit
1001 2304 1101 2356 quae
1123 2309 1212 2337 non
1234 2290 1372 2336 habet
1391 2289 1678 2353 approbatio-

300 2379 426 2415 nem;
464 2372 538 2407 aut
566 2372 713 2407 utrum
742 2362 1002 2425 approbatio
1036 2363 1091 2407 sit
1125 2378 1227 2407 cum
1259 2360 1422 2405 dicitur
1451 2376 1463 2403 ε
1491 2358 1679 2421 Expedit

304 2435 393 2480 hoc
413 2431 508 2496 pati
529 2432 676 2495 potius
694 2448 826 2495 quam
851 2431 960 2477 illud
982 2431 1146 2484 facere3
1169 2440 1211 2475 et
1234 2436 1380 2473 utrum
1401 2437 1514 2472 recte
1529 2427 1602 2473 ille
1619 2427 1678 2473 fe·

308 2504 415 2551 cerit
443 2503 692 2548 thurificare
715 2518 846 2566 quani
870 2512 1068 2564 stuprum
1089 2499 1205 2563 pati;
1233 2508 1274 2543 et
1294 2508 1441 2544 utrum
1464 2497 1680 2543 mentien-

308 2575 415 2622 dum
440 2583 545 2620 esset
568 2572 730 2636 potius,
765 2572 799 2618 si
821 2589 868 2619 ea
903 2570 1094 2619 conditio
1118 2569 1311 2628 daretur,
1340 2584 1474 2631 quam
1502 2566 1681 2616 thurifi-
