1758 3246
0 0 12 131 l

6 135 10 191 Ι

6 198 9 267 ἒ

3 325 8 489 ί

3 491 7 534 l

1 538 7 693 g

2 702 6 741 Ι

0 746 5 842 ff

0 848 3 888 Ι

0 964 3 1091 l

0 1117 3 1177 l

0 1211 2 1252 l

56 283 353 317 ENCHIRIDION
390 283 445 312 DE
479 281 597 322 FIDE,
631 282 706 312 SPE
741 282 792 312 ΕΤ
829 282 1097 319 (ΣΗΑΒΙΤΑΤΕ,
1127 284 1214 314 LlB.
1257 284 1287 314 1.
1337 269 1421 331 137

57 367 125 396 sus
149 362 222 396 aut
243 347 481 395 morbidus,
508 347 621 392 Cum
645 363 746 393 vero
769 363 847 409 per
863 347 963 391 haec
983 346 1117 392 aliena
1139 348 1193 393 ad
1215 365 1289 393 sua
1308 348 1422 394 inci-

56 421 123 483 pit
159 420 341 473 ducere,
373 428 477 462 tunc
513 433 610 461 eum
651 416 925 475 dignoscere,
965 433 1044 460 nec
1080 417 1139 460 ire
1168 428 1264 478 post
1298 435 1419 473 eum,

53 507 209 549 magna
248 499 288 533 et
322 486 554 532 necessaria
583 486 807 545 vigilantia
844 495 919 531 est.
961 485 1045 530 Sed
1083 487 1423 549 quotusquisque

51 558 281 604 hominum
304 556 483 601 idoneus
517 566 579 600 est
606 571 753 600 omnes
780 554 1022 600 mortiferos
1047 558 1136 614 ejus
1170 555 1292 600 dolos
1321 572 1424 600 eva-

52 627 177 683 dere,
203 628 286 673 nisi
320 637 437 685 regat
473 637 599 688 atque
626 636 796 670 tueatur
831 627 973 671 Deus?
1002 626 1059 670 Et
1086 625 1180 688 ipsa
1203 625 1336 684 hujus
1364 626 1424 670 rei

51 697 282 742 difficultas
305 696 358 741 ad
382 696 469 740 hoc
492 706 554 740 est
576 695 691 740 utilis
707 732 718 750 ‚
743 713 795 740 ne
814 695 868 739 sit
886 712 990 757 spes
1007 695 1090 739 sibi
1116 695 1300 757 quisque
1316 731 1327 749 ,
1350 705 1425 740 aut

49 767 182 812 homo
203 767 308 813 alter
329 766 449 812 alteri
468 803 478 821 ,
505 766 577 812 sed
598 767 712 812 Deus
729 766 814 811 suis
834 766 1051 812 omnibus.
1085 765 1137 809 Id
1165 765 1280 810 enim
1298 765 1425 810 nobis

48 837 195 899 potius
218 836 417 899 expedire
435 853 612 899 prorsus
630 837 805 899 piorum
824 835 1008 895 ambigit
1026 852 1167 881 nemo.
1200 836 1307 880 Haec
1325 851 1424 894 ergo

48 923 148 969 quae
168 907 214 952 in
237 907 395 952 sanctis
430 906 600 966 Angelis
636 917 677 950 et
710 906 956 951 Virtutibus
986 906 1064 950 Dei
1101 916 1162 950 est
1196 904 1387 950 Ecclesia
1409 940 1420 959 ,

49 986 154 1021 tunc
179 977 305 1022 nobis
328 976 455 1022 sicuti
476 988 537 1021 est
559 977 800 1022 innotescet
815 1014 825 1031 ,
857 994 958 1022 cum
982 976 1019 1021 ei
1036 976 1265 1036 conJ'uncti
1284 974 1423 1020 fueri-

48 1060 142 1090 mus
160 1045 206 1090 in
233 1046 388 1101 finem,
414 1045 468 1090 acl
488 1046 617 1091 simul
650 1046 900 1091 habendam
923 1045 1237 1091 beatitudinem
1259 1044 1424 1107 sempi-

48 1124 226 1160 ternam.
258 1115 345 1160 Ista
375 1131 475 1161 vero
507 1132 606 1178 quae
632 1116 687 1160 al)
720 1116 795 1161 illa
819 1116 1119 1178 peregrinatur
1141 1116 1186 1161 in
1202 1116 1348 1171 terris,
1374 1131 1423 1159 eo

47 1184 172 1230 nobis
195 1185 338 1230 notior
369 1195 428 1230 cst
447 1222 457 1240 ‚
497 1184 615 1248 quod
636 1186 681 1229 in
698 1184 772 1231 illa
807 1202 955 1229 sumus
971 1222 982 1239 ,
1014 1196 1055 1229 et
1073 1186 1176 1247 quia
1194 1186 1425 1230 hominum

0 1257 1 1284 l
46 1264 128 1309 est,
149 1254 269 1316 quod
293 1266 334 1299 et
351 1271 428 1298 nos
445 1271 605 1298 sumus.
630 1254 738 1297 Haec
763 1254 970 1311 sanguine
987 1253 1235 1298 Mediatoris
1252 1253 1422 1298 nullum

46 1325 246 1370 habentis
268 1335 499 1387 peccatum
513 1361 523 1379 ‚
546 1324 602 1369 ab
624 1324 743 1368 omni
763 1324 989 1387 redempta
1013 1335 1073 1370 est
1095 1335 1294 1387 peccato,
1315 1329 1424 1384 ejus-

45 1411 130 1457 que
151 1412 233 1440 vox
254 1405 316 1440 est
336 1413 346 1439 ι
375 1416 395 1435 α
418 1394 463 1439 Si
485 1396 598 1439 Deus
622 1411 703 1456 pro
724 1395 874 1450 nohis,
907 1395 1003 1457 quis
1031 1406 1182 1440 contra
1204 1398 1314 1440 nos?
1335 1395 1423 1451 Qui

45 1485 67 1506 >›
86 1465 194 1510 Filio
209 1466 392 1529 proprio
410 1483 498 1510 non
517 1465 714 1529 pepercit
731 1502 741 1520 „
767 1465 840 1510 sed
858 1483 939 1527 pro
967 1466 1094 1510 nobis
1116 1466 1319 1511 omnibus
1341 1477 1423 1511 tra-

45 1555 66 1576 »
86 1535 199 1581 didit
218 1536 263 1581 ill
273 1535 386 1581 um‘l.
407 1557 426 1576 υ
450 1538 547 1581 Non
562 1536 673 1581 enim
693 1552 774 1598 pro
795 1536 966 1595 Angelis
985 1547 1180 1581 mortuus
1196 1547 1258 1581 est
1275 1536 1423 1582 Chris-

45 1616 126 1652 tus,
161 1605 247 1651 Sed
272 1605 369 1651 ideo
392 1605 521 1651 etiam
546 1623 628 1669 pro
653 1605 824 1664 Angelis
848 1607 922 1661 fit,
946 1606 1165 1669 quidquid
1191 1606 1423 1652 hominum

43 1693 122 1739 per
144 1680 235 1736 ejus
257 1687 439 1721 mortem
457 1677 684 1721 redimitur
709 1686 751 1720 et
774 1676 986 1722 liberatur
1006 1695 1028 1721 a
1052 1676 1164 1721 malo
1181 1714 1192 1732 ,
1216 1676 1422 1739 quoniam

46 1761 147 1791 cum
170 1746 228 1791 eis
251 1746 443 1808 quodam
463 1745 595 1790 modo
616 1745 729 1790 redit
748 1745 793 1790 in
817 1747 998 1804 gratiam
1019 1783 1029 1802 ,
1057 1757 1156 1809 post
1177 1746 1424 1791 inimicitias

44 1832 150 1878 quas
170 1816 282 1861 inter
304 1815 500 1860 homines
524 1826 566 1860 et
588 1826 758 1860 sanctos
781 1815 964 1875 Angelos
988 1827 1168 1878 peccata
1198 1815 1393 1861 fecerunt
1407 1852 1418 1871 ‚

44 1895 86 1930 et
109 1902 157 1930 ex
179 1886 272 1948 ipsa
304 1885 536 1930 hominum
566 1886 864 1948 redemptione
903 1886 1041 1931 ruinae
1069 1886 1185 1931 illius
1218 1885 1423 1945 angelicae

44 1953 302 2000 detrimenta
322 1966 592 2018 reparantur.
624 1957 680 2000 Et
705 1956 856 2018 utique
875 1965 1089 2001 noverunt
1110 1955 1261 2015 Angeli
1286 1955 1423 2000 sancti

45 2023 163 2069 docti
186 2024 239 2070 de
258 2025 349 2070 Deo
362 2062 373 2081 ‚
396 2029 519 2084 cujus
535 2026 726 2071 veritatis
744 2037 904 2071 aeterna
922 2026 1288 2088 contemplatione
1305 2024 1422 2070 beati

43 2104 165 2149 sunt,
208 2095 360 2157 quanti
395 2095 566 2140 numeri
599 2095 951 2158 supplementum
976 2095 1029 2140 de
1053 2112 1203 2155 genere
1227 2096 1422 2140 humano

42 2163 263 2223 integritas
294 2164 410 2209 illius
435 2165 621 2210 civitatis
653 2176 859 2228 expectet.
895 2167 1081 2228 Propter
1100 2165 1186 2211 hoc
1206 2165 1265 2210 ait
1285 2167 1421 2227 Apos-

44 2232 156 2278 tolus
178 2250 188 2277 :
218 2255 238 2275 «
258 2234 495 2279 Instaurari
519 2235 662 2279 omnia
685 2235 729 2279 in
749 2236 926 2280 Christo
942 2272 952 2291 ,
975 2252 1075 2298 quae
1098 2235 1144 2280 in
1162 2235 1284 2281 coelis
1301 2245 1417 2289 sunt,

44 2323 65 2343 ³>
83 2313 124 2347 et
149 2319 249 2365 quae
267 2304 312 2348 in
332 2304 455 2349 terris
471 2341 481 2360 ‚
509 2308 554 2349 in
578 2305 715 2367 ipso2.
740 2327 760 2346 »
797 2306 1099 2351 Instaurantur
1131 2307 1297 2369 quippe
1323 2321 1422 2367 quae

43 2371 88 2417 in
113 2372 234 2418 coelis
253 2384 380 2430 sunt,
406 2390 506 2419 cum
531 2374 577 2419 id
597 2375 717 2437 quod
745 2375 846 2420 inde
875 2376 921 2420 in
946 2376 1118 2435 Angelis
1142 2376 1311 2438 lapsum
1331 2384 1417 2429 est,

45 2456 92 2484 ex
110 2441 362 2488 hominibus
381 2443 579 2489 redditur
603 2462 613 2489 :
636 2445 932 2491 instaurantur
954 2456 1096 2490 autem
1117 2461 1216 2508 quae
1236 2445 1281 2488 in
1300 2444 1422 2488 terris

46 2521 169 2567 sunt,
196 2529 297 2557 cum
312 2513 395 2577 ipsi
418 2514 614 2560 homines
640 2517 717 2579 qui
754 2517 1052 2580 praedestinati
1077 2525 1176 2561 sunt
1209 2513 1263 2560 ad
1291 2524 1421 2559 eeter-

95 2594 105 2617 ¹
125 2597 219 2629 Rom.
239 2606 310 2634 vm,
327 2597 381 2631 31,
401 2616 445 2621 —
460 2596 475 2619 Ἰ
492 2597 606 2641 Ephes.
633 2611 657 2638 1,
688 2611 736 2631 xo.
