1758 3246
320 291 409 338 282
485 307 519 337 S.
563 305 807 338 AUGUSTINI
842 306 1047 339 EPISCOPI
1081 307 1138 337 DE
1174 304 1296 337 BONO
1333 305 1591 340 CONJL'GALI.

319 372 412 416 Deo
449 370 666 428 dicantes,
713 372 852 418 multo
896 373 1079 418 maxime
1113 389 1462 429 commonemUS‚
1497 384 1547 419 ut
1570 385 1690 422 tanta

318 441 466 486 norint
484 441 728 487 humilitate
742 442 954 487 tuendum
975 460 1061 487 esse
1091 442 1210 504 quod
1231 444 1277 488 in
1299 454 1409 488 terra
1433 445 1601 490 interim
1619 446 1690 491 vi-

316 521 442 567 vunt,
465 512 774 574 quantomagis
798 513 971 557 coeliest
988 511 1107 574 quod
1122 524 1347 560 voverunt.
1375 515 1541 577 Nempe
1557 515 1692 579 scrip-

315 591 409 626 tum
427 593 489 627 est
511 599 520 626 :
544 603 565 623 «
589 583 764 638 Quanto
796 599 977 641 magnus
1006 599 1071 637 es,
1100 592 1220 627 tanto
1247 583 1432 629 humilia
1461 594 1502 629 te
1528 585 1573 629 in
1602 602 1692 630 om-

316 672 338 693 »
363 652 492 697 nibus
510 651 542 699 1.
568 674 588 693 n
629 653 835 697 Nostrum
874 668 973 710 ergo
1014 661 1075 696 est
1120 651 1173 696 de
1213 653 1512 712 magnitudine
1544 671 1694 700 eorum

318 721 481 786 aliquid
512 722 672 777 dicere,
697 722 873 767 illorum
917 721 970 766 de
1002 739 1157 781 magna
1192 722 1445 768 bumilitate
1484 725 1686 784 cogitare.

318 792 520 854 Exceptis
554 793 686 851 igitur
719 791 984 854 quibusdam
1020 791 1105 836 illis
1149 794 1392 852 conjugatis
1433 795 1635 857 patribus
1653 805 1695 840 et

314 863 528 907 matribus
561 862 743 915 sanctis,
782 862 943 924 quibus
988 861 1086 907 ideo
1128 863 1199 907 isti
1230 863 1426 908 meliores
1463 880 1551 908 non
1572 875 1690 920 sunt,

314 932 513 993 quamvis
533 932 753 991 conjugati
777 948 867 976 non
885 932 988 987 sint,
1012 932 1114 994 quia
1142 932 1176 976 si
1201 933 1423 992 conjugati
1437 943 1592 988 essent,
1619 951 1696 996 pa-

314 1017 380 1045 res
393 1016 481 1044 non
495 1010 633 1043 essent
655 1020 665 1052 3
696 1011 874 1045 caeteros
902 1001 1078 1046 omnino
1101 1001 1235 1060 hujus
1255 1002 1463 1064 temporis
1486 1007 1695 1063 conjuga-

319 1081 382 1114 tos
406 1106 416 1125 ,
464 1068 533 1113 vel
555 1079 657 1131 post
697 1081 919 1131 expertum
954 1071 1241 1116 concubitum
1281 1072 1568 1124 continentes,
1596 1090 1619 1117 a
1655 1089 1696 1118 se

315 1139 509 1201 superari
524 1155 612 1183 non
631 1138 835 1183 dubitent
858 1154 868 1180 :
887 1153 977 1181 non
991 1150 1203 1199 quantum
1228 1142 1283 1185 ab
1303 1143 1447 1196 Anna,
1468 1142 1664 1187 Susanna
1681 1162 1693 1196 ;

317 1209 390 1254 sed
406 1219 619 1271 quantum
643 1208 783 1252 ambae
810 1225 833 1252 a
861 1207 997 1252 Maria
1023 1219 1300 1269 superantur.
1330 1211 1462 1264 Quod
1480 1211 1535 1255 ad
1558 1212 1696 1273 ipsam

316 1281 503 1342 pertinet
520 1288 714 1324 sanctam
745 1277 885 1322 carnis
906 1277 1211 1336 integritatem,
1241 1278 1399 1341 loquor
1435 1297 1445 1323 ι
1473 1297 1574 1324 nam
1598 1297 1697 1342 quae

319 1348 399 1393 alia
412 1349 498 1393 sint
530 1349 678 1393 Mariae
705 1348 874 1403 merita,
896 1348 993 1410 quis
1021 1348 1220 1406 ignorat?
1245 1350 1386 1393 Mores
1409 1349 1557 1411 itaque
1585 1366 1696 1394 con-

319 1434 448 1477 gruos
468 1417 573 1462 huic
599 1427 719 1462 tanto
738 1417 964 1479 proposito
989 1415 1253 1475 adjungant,
1274 1427 1320 1461 ut
1342 1416 1396 1462 de
1419 1417 1698 1480 praepollenti

316 1487 499 1549 praemio
519 1497 678 1531 certam
699 1487 970 1531 securitatem
1007 1496 1178 1545 gerant:
1210 1487 1388 1532 scientes
1405 1505 1503 1532 sane
1521 1488 1601 1533 sibi
1629 1499 1697 1533 at-

317 1573 400 1619 que
422 1557 625 1601 omnibus
640 1556 844 1601 fidelibus
867 1555 1033 1600 dilectis
1053 1566 1095 1600 et
1111 1555 1254 1601 electis
1286 1557 1453 1602 Christi
1488 1557 1696 1604 membris

321 1625 471 1670 multis
486 1626 542 1671 ab
579 1626 756 1671 Oriente
785 1636 827 1670 et
851 1625 1092 1671 Occidente
1117 1626 1392 1672 venientibus
1418 1628 1456 1683 2,
1485 1628 1560 1672 etsi
1586 1628 1696 1674 inter

318 1712 360 1740 se
385 1695 569 1741 distante
592 1713 674 1759 pro
699 1696 860 1741 meritis
886 1695 1034 1755 gloriae
1056 1696 1153 1741 luce
1182 1696 1448 1756 fulgentibus
1465 1734 1475 1754 ,
1511 1697 1599 1743 hoc
1628 1708 1697 1744 ta-

317 1782 417 1810 men
452 1783 658 1825 magnum
690 1767 735 1811 in
764 1783 996 1811 commune
1031 1767 1248 1829 praestaria
1271 1777 1320 1812 ut
1342 1784 1443 1812 cum
1471 1767 1697 1813 Abraham

317 1847 359 1880 et
373 1837 492 1881 Isaac
510 1847 551 1881 et
571 1837 711 1882 Jacob
732 1837 991 1883 recumbant
1010 1837 1052 1882 in
1077 1854 1208 1897 regno
1226 1838 1307 1882 Dei
1331 1874 1341 1893 ‚
1361 1838 1436 1900 qui
1455 1854 1543 1882 non
1559 1854 1696 1901 prop-

316 1916 379 1950 ter
397 1905 482 1950 hoc
507 1907 734 1962 saeculum,
758 1906 830 1951 sed
848 1917 1029 1969 propter
1056 1907 1283 1952 Christum
1307 1912 1513 1967 conjuges
1527 1944 1538 1963 ,
1552 1924 1696 1970 prop-

316 1985 381 2020 ter
406 1975 633 2020 Christum
652 1987 796 2038 patres
815 1975 1005 2021 fuerunt.

359 2067 370 2089 ¹
386 2066 483 2099 Eccli.
501 2077 541 2096 [ιι
554 2093 563 2107 ,
586 2077 638 2098 20.
657 2085 700 2091 -
713 2065 728 2088 2
746 2066 862 2098 Manli.
882 2078 956 2105 vm,
980 2079 992 2098 1
1005 2078 1033 2106 1,
1047 2073 1078 2098 et
1094 2068 1208 2099 Mutae.
1229 2079 1252 2104 1,
1279 2079 1330 2098 ιι.
