1758 3246
298 277 393 323 :310
721 298 759 327 s.
798 296 1040 328 annosum
1076 298 1278 328 mnscom

296 366 361 400 ret
385 373 396 401 ε
424 377 445 398 «
469 358 566 404 Non
597 372 690 406 snm
716 361 872 422 dignus
895 371 941 406 ut
967 362 1049 406 sub
1082 371 1239 408 tectum
1268 379 1407 408 meum
1436 363 1621 412 intresl.
1649 382 1672 409 os

298 424 423 472 Unde
444 445 523 474 nec
550 430 786 476 Matthaeus
806 431 863 476 ob
891 431 1006 476 aliud
1025 448 1123 476 eum
1146 433 1253 477 dixit
1278 434 1502 479 accessisse
1525 434 1580 480 ad
1605 436 1674 481 Je-

294 513 389 544 sum
406 536 416 555 ,
440 516 538 545 cum
568 502 832 564 apertissime
854 503 994 546 Lucas
1017 502 1205 548 insinuet
1236 504 1353 566 quod
1380 522 1465 549 non
1499 505 1551 550 ad
1576 522 1672 551 eum

292 567 385 631 ipse
402 571 591 627 venerit,
616 572 689 616 sed
710 572 868 616 amicos
889 588 985 616 suos
1001 572 1178 627 miserit,
1200 573 1280 618 nisi
1305 574 1406 637 quia
1428 574 1674 621 fidelissima

293 638 541 686 humilitate
574 641 707 700 magis
740 641 830 703 ipse
862 642 1065 695 accessit,
1108 659 1237 705 quam
1272 642 1334 688 illi
1368 661 1476 706 quos
1507 645 1665 691 misit2.

294 707 420 753 Unde
443 720 483 754 et
508 710 615 755 illud
639 710 949 773 propheticum
971 721 1031 755 ost
1057 728 1067 755 ε
1093 733 1111 751 «
1138 712 1335 757 lixcelsus
1355 726 1416 758 est
1438 715 1668 771 Dominus,

293 798 315 819 >³
333 790 374 824 et
397 779 582 825 humilia
600 780 777 843 respicit
793 816 803 833 ‚
824 779 984 824 excelsa
1013 791 1155 826 autem
1177 781 1341 841 alonge
1359 781 1626 843 cognoscit3,
1651 803 1671 822 υ

293 848 445 911 utique
486 859 692 912 tanquam
736 866 820 893 non
863 848 1126 896 accedentia.
1174 851 1288 895 Hinc
1331 862 1372 896 et
1408 852 1471 897 illi
1506 850 1674 896 mulieri

296 918 561 964 Chananaeae
582 919 689 964 dicit
712 936 721 962 :
748 940 768 958 <t
793 919 831 962 Ο
860 918 1014 963 mulier
1031 956 1040 974 ‚
1070 937 1223 979 magna
1247 930 1309 965 est
1334 921 1441 966 fides
1470 932 1543 966 tua
1561 958 1571 976 ‚
1601 920 1677 964 fiat

297 1010 316 1029 υ
335 987 415 1034 tibi
440 989 552 1034 sicut
570 989 660 1034 visl-
683 1007 693 1033 :
719 1011 736 1028 »
758 1005 890 1050 quam
915 990 1112 1052 superius
1136 1007 1309 1035 carnem
1347 991 1672 1054 appellaverat,

293 1074 373 1103 nec
407 1059 443 1104 ei
470 1077 625 1122 panem
666 1058 856 1103 filiorum
901 1060 1221 1121 projiciendum
1251 1078 1338 1106 esse
1374 1061 1668 1124 responderat.

296 1128 428 1184 Quod
461 1129 535 1175 illa
561 1129 789 1175 humiliter
822 1128 1040 1191 accipiens
1063 1130 1226 1175 dixerat
1250 1138 1261 1175 t
1292 1152 1312 1172 c<
1338 1132 1400 1177 lta
1421 1168 1431 1187 ‚
1461 1131 1672 1185 Domine,

296 1219 316 1239 >2
337 1215 439 1244 nam
475 1209 516 1244 et
547 1215 671 1244 canes
695 1197 832 1242 edunt
862 1196 915 1242 de
943 1199 1090 1253 micis,
1126 1216 1227 1262 quae
1259 1199 1423 1245 cadunt
1449 1200 1503 1246 de
1535 1216 1677 1245 mensa

297 1268 614 1315 »dominorum
650 1285 842 1314 suorum.
885 1288 904 1308 n
938 1269 1000 1313 Ac
1034 1269 1094 1314 sic
1130 1268 1248 1332 quod
1283 1270 1454 1315 assiduo
1489 1270 1676 1315 elamore

293 1356 380 1384 non
402 1340 693 1402 impetrabat,
721 1337 880 1383 humili
912 1337 1177 1384 confessione
1209 1340 1464 1401 promeruit.
1496 1340 1612 1384 Hine
1636 1348 1676 1384 et

291 1409 355 1456 illi
375 1409 463 1455 duo
481 1420 794 1473 proponuntur
811 1418 980 1453 orantes
999 1409 1043 1453 in
1064 1409 1227 1471 templo
1244 1446 1253 1462 ,
1278 1426 1389 1454 unus
1409 1409 1673 1465 Pharisaeus,

294 1489 337 1524 et
360 1478 466 1524 alter
485 1478 779 1542 publicanus5
795 1514 805 1532 ‚
834 1488 1014 1540 propter
1034 1495 1104 1523 eos
1120 1479 1197 1542 qui
1221 1479 1302 1523 sibi
1317 1479 1424 1537 justi
1446 1478 1668 1536 videntur,

293 1558 336 1593 et
357 1559 570 1611 spernunt
589 1559 768 1593 caeteros
783 1584 794 1603 ‚
821 1557 859 1591 et
877 1548 1191 1593 enumerationi
1214 1549 1466 1594 meritorum
1491 1549 1677 1612 praefer-

293 1630 367 1665 tur
384 1619 593 1665 confessio
624 1628 918 1682 peccatorum.
961 1619 1015 1663 Et
1041 1619 1189 1681 utique
1211 1619 1302 1664 Deo
1333 1620 1489 1678 gratias
1524 1619 1678 1680 agebat

294 1690 543 1736 Pharisaeus
563 1707 610 1735 ex
628 1690 696 1734 his
714 1689 758 1734 in
777 1689 938 1751 quibus
955 1689 1036 1734 sihi
1056 1689 1242 1734 multum
1261 1689 1463 1753 placebat
1488 1708 1498 1734 ι
1528 1711 1548 1731 c<
1567 1691 1677 1735 Gra-

296 1780 316 1801 »
336 1761 414 1806 tias
433 1798 443 1815 ‚
467 1760 610 1824 inquit
629 1798 638 1815 ‚
667 1759 748 1804 tibi
784 1775 862 1817 ago
880 1794 891 1814 ‚
926 1757 1025 1821 quia
1048 1776 1135 1803 non
1160 1776 1253 1804 sum
1280 1760 1392 1805 sicut
1422 1761 1568 1805 caeteri
1587 1758 1678 1805 ho-

297 1831 472 1876 »mines
488 1869 498 1885 ‚
524 1830 700 1890 injusti,
722 1840 915 1891 raptores
932 1866 942 1883 ,
970 1829 1178 1884 adulteri,
1210 1830 1321 1874 sicut
1345 1840 1386 1875 ct
1410 1830 1676 1875 Publicanus

294 1922 314 1942 ))
334 1901 424 1947 iste.
452 1905 606 1960 Jejuno
627 1901 696 1945 bis
720 1899 765 1944 in
786 1899 970 1943 sabbato
986 1935 996 1953 ‚
1024 1899 1212 1944 decimas
1235 1898 1292 1943 do
1318 1900 1513 1944 omnium
1548 1915 1675 1963 quae-

297 1990 317 2010 ›>
337 1987 526 2033 cumque
545 1969 756 2033 possideo,
791 1968 1060 2013 Publicanos
1079 1980 1222 2013 autem
1249 1968 1302 2013 de
1322 1968 1560 2033 longinquo
1584 1981 1675 2015 sta-

297 2060 318 2080 »
334 2039 412 2084 bat
430 2076 440 2094 ‚
472 2056 550 2084 nec
571 2039 718 2084 oculos
743 2037 795 2083 ad
823 2037 985 2083 coelum
1017 2038 1208 2084 audebat
1229 2038 1369 2083 levare
1387 2076 1397 2093 ‚
1423 2039 1494 2084 sed
1512 2056 1676 2102 percu-

300 2130 320 2150 »
339 2109 475 2154 tiebat
496 2120 649 2172 pectus
669 2122 794 2154 suum
809 2145 819 2157 ,
846 2107 992 2153 dicens
1014 2125 1024 2152 z
1056 2109 1187 2165 Deus,
1216 2108 1432 2171 propitius
1454 2118 1543 2154 esto
1565 2109 1677 2154 mihi

300 2200 320 2221 »
339 2180 574 2242 peccatori.
602 2201 620 2219 ι)
647 2179 853 2242 Sequitur
872 2188 1014 2223 autem
1041 2178 1187 2223 divina
1213 2179 1422 2223 sententia
1450 2196 1460 2223 :
1495 2200 1515 2221 ιι
1540 2181 1676 2225 Amen

299 2271 319 2290 »
337 2249 436 2295 dico
453 2250 578 2295 vobis
592 2286 602 2299 ,
631 2248 854 2294 deseendit
866 2248 1131 2306 justificatus
1148 2248 1200 2292 de
1226 2248 1389 2310 templo
1410 2248 1676 2294 publicanus

301 2342 320 2361 >1
341 2321 475 2380 magis
493 2337 626 2383 quam
646 2319 718 2364 ille
740 2319 1000 2363 Pharisaeus.
1026 2340 1045 2359 >2
1069 2317 1235 2363 Deinde
1253 2333 1381 2363 causa
1407 2318 1648 2364 ostenditur
1666 2355 1674 2373 ‚

298 2407 378 2436 cur
395 2391 482 2436 hoe
496 2395 665 2451 justum
683 2391 736 2435 sit
759 2407 769 2433 ε
791 2410 810 2429 «
833 2389 1051 2446 Quoniam
1074 2390 1107 2434 is
1125 2389 1200 2451 qni
1218 2405 1260 2433 se
1276 2388 1449 2441 exaltat,
1469 2388 1676 2434 humilia-

300 2482 322 2502 »
342 2461 486 2518 bitur,
513 2470 555 2507 et
579 2461 654 2525 qui
673 2477 715 2506 se
731 2459 954 2516 humiliat,
976 2459 1234 2505 exaltabitur
1248 2459 1280 2503 ⁶.
1305 2479 1326 2499 »
1346 2458 1454 2504 Fieri
1474 2475 1574 2519 ergo
1590 2471 1677 2523 po-

350 2546 482 2578 *Manli
520 2557 597 2584 vm,
619 2549 651 2579 8.
674 2564 718 2571 --
734 2545 750 2568 2
766 2549 840 2577 Luc..
865 2556 924 2580 vu,
948 2547 978 2576 6.
1006 2556 1037 2589 7.
1061 2564 1103 2569 -κ
1119 2542 1228 2575 ³1&st
1253 2554 1400 2581 (μυ-ιι,
1419 2543 1449 2575 6.
1466 2561 1506 2567 --
1530 2540 1674 2576 ⁴Manh.

302 2609 352 2633 xx.
371 2602 423 2631 οἳ.
443 2618 485 2622 —--
501 2598 514 2619 ⁵
535 2603 608 2632 tw,
626 2611 848 2630 xvu.10.——
868 2597 883 2619 ⁵
903 2600 980 2629 thri
1010 2607 1115 2632 11-1'..
