1758 3246
245 338 303 368 nu
341 337 454 368 cuna
489 337 692 369 GERENDA
728 337 813 368 ιη’-ο
850 339 1062 381 ironicis,
1103 343 1187 375 un.
1230 345 1260 374 1.
1369 331 1461 396 609

159 403 236 450 IX.
279 404 334 448 Et
354 414 493 448 tamen
512 420 557 447 ex
578 402 652 448 illo
671 403 853 448 humani
874 405 1015 450 cordis
1037 408 1207 462 affecttu
1228 426 1315 473 quo
1334 428 1461 457 nemo

93 488 284 536 unquam
312 490 484 519 carnem
509 491 626 518 suam
655 473 754 519 odio
778 473 955 530 habetl9
982 476 1014 521 si
1035 491 1294 534 cognoscant
1316 480 1466 527 homi-

92 560 165 588 nes
180 543 340 607 aliquid
362 554 460 606 post
478 555 656 589 mortem
677 561 797 589 suam
816 544 902 589 suis
919 548 1178 608 corporibus
1192 548 1461 609 defuturum,

92 614 209 676 quod
234 616 277 659 in
305 631 379 659 sua
405 618 616 678 cuiusque
644 624 765 673 gente
793 614 857 659 vel
889 616 1026 677 patria
1056 618 1196 679 poscit
1223 619 1467 668 solemnitas

92 684 344 747 sepulturae,
373 684 686 729 contristantur
704 694 752 728 ut
768 685 990 739 homines;
1011 696 1051 730 et
1071 687 1188 749 quod
1207 688 1258 732 ad
1280 706 1349 734 eos
1367 703 1465 754 post

92 765 272 799 mortem
299 772 387 800 non
410 755 623 817 pertinet,
659 765 755 799 aute
790 765 973 800 mortem
1008 757 1092 801 suis
1123 760 1381 821 corporibus
1410 763 1467 807 ti·-

90 835 241 870 ment:
265 826 324 871 ita
356 836 402 870 ut
435 825 678 870 inveniatur
714 825 758 870 in
793 826 1041 885 Regnorum
1078 826 1201 873 libris
1245 830 1354 875 Deus
1389 850 1468 895 per

91 895 356 958 prophetam
376 896 530 940 minari
555 894 676 940 alteri
699 895 951 958 Prophetae,
974 896 1051 959 qui
1071 900 1105 956 ej
1116 914 1162 942 us
1183 908 1468 960 transgressus

89 975 151 1010 est
176 966 376 1021 verbum,
403 964 522 1029 quod
548 982 635 1010 non
667 964 898 1010 inferretur
920 966 1106 1012 cadaver
1134 971 1224 1027 ejus
1247 969 1293 1015 in
1317 973 1468 1035 sepul-

90 1053 213 1082 crum
247 1047 423 1100 patrum
462 1040 567 1096 ejus,
611 1036 722 1092 Quae
763 1036 991 1099 Scriptura
1027 1037 1087 1082 sic
1123 1037 1291 1085 habet:
1318 1063 1331 1081 u
1358 1044 1467 1090 Haec

90 1127 110 1148 2>
135 1106 244 1152 dicit
263 1107 501 1153 Dominus:
531 1106 748 1164 Quoniam
771 1107 1026 1152 inobediens
1046 1107 1162 1153 fuisti
1180 1110 1244 1155 ori
1264 1112 1459 1171 Domini,

89 1199 109 1219 »
133 1188 174 1223 et
193 1195 282 1222 non
305 1177 527 1223 custodisti
553 1177 810 1223 mandatum
828 1177 948 1240 quod
969 1179 1183 1241 praecepit
1209 1181 1291 1226 tibi
1315 1185 1468 1230 Domi-

89 1268 110 1288 »
133 1264 213 1292 nus
244 1249 360 1293 Deus
384 1259 500 1300 tuus,
530 1257 572 1291 et
598 1263 789 1292 reversus
816 1264 876 1301 es,
904 1258 945 1292 et
969 1248 1194 1294 comedisti
1222 1269 1398 1314 panem,
1429 1266 1472 1302 et

88 1338 110 1360 >³
135 1317 286 1363 bibisti
311 1334 465 1381 aquam
491 1316 536 1361 in
565 1316 683 1371 loco,
710 1315 756 1361 in
781 1333 868 1379 quo
889 1318 1102 1380 praecepit
1131 1319 1211 1364 tibi
1238 1338 1292 1366 ne
1319 1340 1469 1370 come-

89 1409 110 1429 »
133 1387 252 1433 deres
270 1404 452 1451 panem3
480 1403 618 1450 neque
640 1386 812 1432 biberes
843 1403 1019 1449 aquam,
1052 1405 1139 1433 non
1160 1389 1367 1438 inferetur
1389 1412 1469 1441 ca-

89 1479 109 1500 »
134 1458 267 1504 <laver
294 1468 418 1504 tuum
446 1458 492 1502 in
523 1456 771 1519 sepulcrum
803 1467 980 1520 patrum
1016 1468 1190 1504 tuorum
1202 1461 1235 1508 2.
1262 1483 1282 1503 »
1302 1463 1468 1520 Quanti

87 1528 185 1574 haec
203 1545 335 1591 poena
353 1526 588 1591 pendenda
613 1528 682 1580 sit,
707 1527 741 1572 si
765 1527 1004 1573 secundum
1035 1529 1318 1589 Evangelium
1343 1536 1466 1595 cogi-

88 1608 241 1654 temus,
276 1598 353 1643 ubi
377 1607 476 1661 post
505 1613 666 1660 corpus
695 1597 887 1643 occisum
919 1597 1031 1643 nihil
1066 1600 1344 1648 metuendum
1379 1622 1465 1652 esse

87 1668 322 1713 didicimus
349 1685 401 1713 ne
425 1667 621 1713 membra
643 1667 836 1712 exanima
859 1668 1100 1731 patiantur,
1128 1687 1207 1716 nec
1232 1688 1366 1735 poena
1390 1674 1465 1720 di-

87 1739 224 1784 cenda
247 1749 322 1786 est.
353 1739 399 1784 Si
425 1748 567 1784 autem
590 1738 833 1783 humanum
857 1755 955 1798 erga
978 1756 1099 1785 suam
1128 1757 1303 1788 carnem
1323 1747 1464 1792 consi-

87 1809 284 1855 deremus
308 1810 526 1863 affectum,
553 1809 699 1872 potuit
725 1808 826 1854 inde
854 1810 1002 1855 terreri
1026 1809 1094 1856 vel
1123 1813 1366 1861 contristari
1392 1816 1462 1862 vi-

85 1896 180 1935 vus,
202 1879 320 1943 quod
340 1895 540 1925 sensurus
558 1896 644 1924 non
661 1889 751 1924 crat
769 1890 967 1926 mortuus
987 1897 997 1925 :
1018 1891 1058 1925 et
1081 1880 1178 1927 haec
1197 1893 1287 1928 erat
1305 1902 1459 1948 poena,

85 1951 292 2014 quoniam
331 1950 507 1996 dolebat
547 1950 714 1995 animus
746 1950 791 1995 id
826 1950 879 1996 de
915 1968 992 1996 suo
1031 1968 1211 2015 corpore
1243 1953 1458 2015 futurum,

85 2021 282 2084 quamvis
304 2038 406 2066 cum
431 2021 550 2066 fieret
582 2037 669 2065 non
702 2019 879 2068 doleret.
921 2022 1142 2068 Hactenus
1174 2024 1288 2069 euim
1324 2028 1463 2075 voluit

86 2091 298 2136 Dominus
317 2107 486 2137 servum
508 2107 633 2135 suum
651 2089 857 2153 plectere,
878 2091 956 2155 qui
979 2109 1066 2137 non
1090 2109 1164 2138 sua
1188 2100 1464 2145 contumacia

84 2171 301 2223 spreverat
324 2171 596 2224 praeceptum
621 2164 712 2220 ejus
736 2161 934 2224 implere,
961 2162 1035 2207 sed
1056 2163 1192 2209 aliena
1217 2165 1463 2230 decipiente

83 2231 253 2277 fallacia
272 2231 448 2277 obedire
469 2248 510 2276 se
530 2230 732 2286 credidit,
758 2231 935 2294 quando
958 2249 1045 2278 non
1069 2234 1276 2283 obedivit.
1309 2239 1460 2303 Neque

84 2302 196 2348 enim
218 2302 464 2366 putandum
483 2312 545 2347 est
571 2301 631 2347 ita
649 2300 778 2347 fuisse
798 2302 1105 2366 interemptum
1120 2322 1266 2351 morsu
1288 2307 1456 2368 besdae,

85 2383 132 2418 ut
155 2372 208 2417 ad
226 2372 494 2435 supplicium
512 2382 745 2417 tartareum
764 2375 855 2431 ejus
871 2371 1028 2417 deinde
1046 2373 1188 2419 anima
1205 2389 1428 2439 raperetur
1442 2398 1456 2425 ε

83 2442 441 2506 quandoquidem
472 2443 617 2506 ipsum
642 2445 733 2502 ejus
759 2459 919 2505 corpus
954 2442 1069 2488 idem
1094 2443 1160 2488 leo
1185 2447 1261 2509 qui
1285 2449 1455 2496 occide-

84 2521 151 2557 rat
182 2512 433 2567 custodivit,
460 2516 659 2571 jumento
693 2512 822 2557 etiam
855 2529 943 2575 quo
968 2512 1210 2560 vehebatur
1238 2516 1390 2578 illaeso,
1418 2534 1462 2569 et

85 2581 210 2627 simul
237 2599 336 2628 cum
369 2582 442 2628 illa
470 2582 649 2628 immani
680 2581 769 2628 fera
802 2583 1021 2647 intrepida
1046 2587 1274 2648 praesentia
1309 2590 1365 2636 ad
1394 2595 1462 2642 sui

134 2665 278 2710 ¹Ephes.
295 2678 327 2704 v,
352 2665 494 2709 29.—2
514 2669 531 2700 3
546 2670 721 2713 Reg.x11r‚
743 2678 797 2707 21,
815 2679 870 2701 22.

216 2736 401 2768 cxxxm.
1273 2728 1334 2790 3ss
