1758 3246
329 300 385 329 DE
420 299 522 328 mm:
558 299 611 328 ET
647 299 886 335 mmmmm,
926 299 1012 329 Lm.
1057 302 1086 331 1.
1349 291 1407 352 47

2 390 3 394 =
43 387 64 407 ‚2
84 375 123 411 tc
144 375 185 410 et
208 365 349 427 ipsum
373 362 528 409 solum.
563 363 607 408 Si
628 363 811 408 audierit
832 373 870 408 te
887 399 897 419 ‚
922 362 1114 408 lucratus
1131 366 1212 411 eris
1233 367 1409 414 fratrem

1 438 3 470 j
44 455 64 477 »
84 445 223 480 tuum.
253 433 297 477 Si
326 443 468 477 autem
492 450 580 477 non
601 433 787 478 audierit
805 443 845 477 te
864 468 875 487 ‚
903 449 1068 477 assume
1099 444 1241 480 tecum
1275 454 1409 483 unum

0 521 1 551 ἐ
43 526 64 547 n
83 503 148 549 vel
170 502 298 558 duos,
324 513 371 546 ut
393 502 439 546 in
457 519 530 547 ore
550 504 723 548 testium
741 502 929 547 duorum
946 501 1014 548 vel
1030 503 1158 549 trium
1183 514 1264 549 stet
1284 523 1409 553 omne

41 572 276 618 »verbum
311 570 442 627 Quod
467 572 501 616 si
534 589 621 616 non
658 571 844 617 audierit
875 588 967 627 θοε,
1006 571 1078 617 dic
1116 572 1332 622 Ecclesiae.
1364 578 1410 623 Si

42 663 63 684 »
81 652 221 687 autem
240 657 317 686 nec
333 641 569 686 Ecclesiam
590 641 790 697 audierit,
802 641 856 686 sit
871 641 953 686 tibi
970 651 1176 705 tanquam
1195 644 1412 693 aethnicus

41 733 62 755 2>
81 722 122 756 et
142 711 420 774 publicanus,
444 732 464 752 >2
485 711 648 757 Deinde
671 711 806 775 ipsius
831 711 1065 758 severitatis
1092 722 1298 758 terrorem
1317 732 1411 774 gra-

38 781 260 828 vissimum
282 779 438 839 adjecit
460 781 590 825 etiam
613 798 663 826 eo
683 781 782 827 loco
798 818 809 837 ,
830 781 979 826 dicens
1002 799 1013 825 ι
1036 803 1055 823 α
1077 782 1188 839 Quae
1202 783 1410 834 solveritis

40 873 60 894 »
79 852 123 897 in
152 862 283 906 terra,
311 850 450 896 soluta
472 861 598 895 erunt
616 861 658 896 et
687 852 733 896 in
758 850 894 903 coelo;
921 861 963 895 et
982 868 1082 914 quae
1107 852 1340 912 ligaveritis
1364 855 1410 900 in

39 944 60 964 2>
81 932 192 967 terra
209 958 220 976 ,
249 920 377 979 ligata
395 931 521 966 erunt
546 931 587 965 et
610 921 657 965 in
682 920 838 967 coelo1.
865 942 885 962 »
907 921 1122 967 Prohibet
1143 923 1272 968 etiam
1290 942 1410 971 sanc-

39 1002 130 1037 tum
149 990 242 1034 dari
259 990 482 1036 canibus2.
506 991 594 1035 Nec
611 991 854 1036 contrarius
870 1001 931 1036 est
947 991 1180 1055 Apostolus
1200 994 1406 1053 Domino,

39 1062 139 1127 quia
163 1060 270 1105 dicit
294 1077 304 1103 ι
328 1081 348 1101 «
366 1062 600 1105 Peccantes
624 1078 771 1106 coram
791 1062 995 1107 omnibus
1014 1080 1167 1122 argue,
1191 1074 1238 1109 ut
1264 1068 1410 1113 caeteri

39 1131 59 1176 5)
80 1133 274 1177 timorem
294 1130 505 1175 Ιιῑὼθιιηῖ3
522 1148 532 1174 :
551 1152 570 1171 ›>
585 1147 686 1176 cum
699 1130 770 1175 ille
787 1130 905 1176 dicat
921 1149 932 1176 ε
951 1153 971 1172 «
988 1133 1171 1193 Corripe
1182 1151 1280 1177 eum
1297 1135 1408 1180 inter

40 1224 60 1246 J)
81 1212 117 1247 te
140 1211 180 1246 et
202 1200 347 1262 ipsum
370 1199 554 1244 solum'n
581 1219 600 1239 »
624 1201 868 1261 Utrumque
888 1198 1003 1243 enim
1038 1198 1287 1246 faciendum
1314 1215 1403 1260 est,

37 1274 147 1318 sicut
173 1268 434 1314 infirmitatis
472 1267 697 1313 diversitas
727 1268 932 1313 admonet
964 1285 1140 1325 eorum,
1170 1287 1278 1332 quos
1316 1274 1406 1318 uti-

37 1359 120 1406 que
142 1357 228 1385 non
247 1338 492 1404 perdendos
510 1375 521 1394 ,
543 1337 615 1383 sed
641 1339 917 1398 corrigendos
944 1338 1247 1401 curandosque
1269 1357 1408 1387 susce-

36 1411 202 1474 pimus;
238 1419 279 1454 et
305 1408 413 1453 alius
445 1408 534 1463 sic,
573 1408 679 1454 alius
714 1418 858 1452 autem
876 1408 937 1453 sic
966 1408 1180 1454 sanandus
1217 1421 1293 1457 est.
1338 1414 1404 1459 Ita

35 1481 161 1527 etiam
186 1489 247 1525 est
272 1478 380 1523 ratio
396 1476 696 1523 dissimulandi
718 1488 759 1522 et
777 1477 989 1523 tolerandi
1007 1478 1143 1524 malos
1174 1479 1221 1525 in
1245 1481 1401 1528 Eccle-

36 1552 95 1596 sia
117 1569 128 1595 :
152 1560 193 1595 et
211 1559 272 1594 est
290 1563 435 1592 rursus
455 1547 563 1592 ratio
589 1546 829 1606 castigandi
848 1557 889 1591 et
906 1547 1198 1610 corripiendi,
1225 1567 1314 1595 non
1332 1552 1405 1597 ad-

35 1619 235 1667 mittendi
262 1618 329 1665 vel
347 1636 370 1662 a
395 1617 701 1662 communione
717 1617 980 1664 removendi.

100 1692 150 1738 V.
194 1692 352 1735 Errant
373 1698 516 1733 autem
539 1688 736 1732 homines
755 1725 766 1744 ‚
790 1704 880 1732 non
901 1699 1114 1734 servantes
1133 1691 1338 1746 modum;
1364 1703 1405 1738 et

36 1779 136 1808 cum
159 1761 204 1806 in
223 1776 353 1805 unam
375 1768 544 1822 partem
572 1758 825 1822 procliviter
849 1759 909 1804 ire
932 1759 1174 1822 coeperint,
1204 1779 1293 1807 non
1312 1780 1404 1808 res-

34 1833 204 1897 piciunt
226 1829 387 1875 divinae
407 1828 671 1874 auctoritatis
699 1829 780 1874 alia
804 1829 1073 1886 testimonia,
1109 1830 1271 1893 quibus
1297 1850 1404 1896 pos-

37 1904 119 1948 >sint
138 1901 194 1946 ab
213 1899 286 1945 illa
302 1899 538 1944 intentione
557 1899 776 1955 revocari,
800 1909 842 1944 θῖ
870 1899 917 1944 in
946 1916 994 1944 ea
1017 1917 1117 1963 quae
1144 1918 1191 1946 ex
1214 1903 1405 1966 utrisque

37 1980 271 2034 temperata
294 1978 359 2014 est
376 1969 550 2014 veritate
574 1984 623 2013 ac
643 1967 937 2014 moderatione
969 1970 1199 2016 consistere
1219 1988 1230 2016 ε
1257 1984 1336 2017 nec
1359 1973 1405 2018 in

35 2041 119 2087 hac
149 2057 193 2086 re
224 2049 420 2094 tantum,
454 2038 507 2083 de
533 2054 621 2101 qua
648 2055 765 2083 nunc
796 2039 979 2102 quaestio
1012 2049 1098 2095 est,
1121 2039 1192 2084 sed
1211 2041 1339 2086 etiam
1358 2043 1404 2088 in

37 2112 128 2157 aliis
149 2109 307 2156 multis.
338 2110 376 2153 N
382 2125 450 2152 am
468 2108 647 2169 quidam
664 2109 876 2155 intuentes
893 2109 1142 2156 divinarum
1164 2111 1405 2158 testimonia

36 2181 273 2226 litterarum
287 2215 297 2234 ,
324 2177 486 2240 quibus
507 2191 617 2221 unus
637 2180 752 2220 Deus
775 2178 982 2222 colendus
1004 2180 1266 2238 insinuatur,
1287 2199 1405 2228 eum-

38 2250 134 2295 dem
154 2251 327 2294 Patrem
351 2247 427 2309 qui
443 2256 504 2291 est
522 2245 655 2291 Filius
671 2282 682 2302 ,
710 2256 996 2309 sanctumque
1027 2248 1242 2310 Spiritum
1270 2263 1404 2313 puta—

37 2329 193 2366 verunt
221 2337 232 2363 z
265 2318 338 2364 alii
365 2333 511 2362 rursus
541 2316 676 2362 veluti
702 2316 857 2361 morbo
886 2318 1106 2362 contrario
1135 2318 1402 2378 laborantes,

37 2397 138 2435 ‘cum
163 2387 429 2434 attenderent
448 2404 496 2432 ea
515 2387 677 2449 quibus
711 2386 900 2432 Trinitas
920 2386 1167 2434 declaratur
1182 2427 1193 2445 ‚
1222 2408 1300 2435 nec
1324 2408 1404 2437 va-

38 2458 172 2505 lerent
187 2457 420 2518 intelligere
447 2457 668 2521 quomodo
687 2458 740 2503 sit
765 2471 876 2503 unus
907 2458 1022 2504 Deus
1038 2495 1051 2515 ,
1087 2476 1188 2505 cum
1211 2470 1252 2505 et
1283 2466 1406 2507 Pater

88 2555 97 2575 ¹
116 2553 233 2588 Manh,
260 2556 352 2591 x'vm,
376 2552 551 2586 15-18.-
576 2549 591 2572 2
612 2551 662 2585 Id,
689 2561 749 2590 vu,
778 2553 812 2584 6.
834 2568 877 2576 —
896 2547 911 2572 3
941 2561 954 2581 1
975 2550 1057 2584 Tim.
1077 2562 1111 2594 v,
1128 2561 1242 2586 20,—
1258 2548 1273 2574 ⁴
1289 2547 1406 2587 Maith.

40 2621 136 2647 xxm,
158 2611 212 2643 15.
