1758 3246
327 316 382 345 DE
417 315 516 346 FIDE
553 315 605 346 m·
640 316 878 354 ormmvs,
918 317 1004 348 mn.
1049 319 1080 349 1.
1343 323 1401 368 'Jq

37 379 217 435 ebriosi,
247 379 388 434 avari,
417 379 644 434 maledici,
671 390 712 424 et
740 380 774 424 si
797 396 882 442 qua
907 380 990 425 alia
1013 383 1118 428 vitia
1139 384 1405 432 damnabilia

3 489 5 494 ,
38 449 194 512 apertis
213 447 337 494 factis
360 448 560 493 convinci
577 448 864 512 redarguique
879 465 966 493 non
983 462 1190 512 possunt3
1210 471 1407 517 praecep-

2 545 5 580 1
37 519 91 563 tis
116 529 258 563 tamen
286 527 327 562 et
358 517 633 563 catechismis
663 518 922 564 validissime
953 517 1249 577 flagellantur,
1277 533 1407 584 atque

3 648 4 651 Ἴ
37 603 180 633 omnes
200 586 305 631 tales
338 596 505 632 mutata
539 587 586 632 in
616 587 770 633 melius
804 586 1027 633 voluntate
1058 588 1112 632 ad
1137 588 1407 651 baptismum

2 673 3 676 ¹
35 655 238 701 videntur
262 655 476 702 accedere.
517 655 602 701 Sed
625 656 659 700 si
685 656 795 701 forte
825 655 1067 712 adulteros,
1100 673 1209 719 quos
1234 675 1323 703 non
1345 658 1410 704 lex

2 743 5 771 ε
35 724 243 780 humana,
271 724 345 769 sed
363 724 512 771 divina
525 724 807 780 condemnat,
828 724 875 770 id
895 735 975 781 est,
994 725 1070 788 qui
1087 725 1246 771 alienas
1263 744 1410 772 uxores

2 784 5 797 ’
36 804 241 857 tanquam
261 810 355 839 suas
378 794 543 840 habent
558 831 569 851 ,
595 794 663 841 vel
679 794 883 840 foeminas
903 811 1002 857 quae
1025 794 1182 841 alienos
1206 796 1406 852 maritos,

2 866 4 870 ⁸
36 862 196 910 alicubi
224 863 506 922 negligentius
528 864 701 910 admitti
734 864 865 910 solere
901 864 1208 918 adverterunt3
1246 882 1294 910 ex
1326 865 1410 911 illis

1 951 4 976 1
33 933 159 979 rectis
176 932 340 978 debent
361 934 510 979 conari
532 934 610 979 ista
634 934 872 993 corrigere,
895 933 981 979 hoc
1004 943 1093 990 est,
1121 944 1170 979 ut
1191 935 1320 980 etiam
1340 935 1411 980 isti

2 1015 121 1048 non
143 1002 458 1057 admittantur3
481 1020 569 1049 non
595 1021 641 1049 ex
660 1004 730 1049 his
752 1004 899 1066 pravis
916 1002 990 1048 illa
1010 1014 1128 1049 recta
1151 1003 1406 1067 depravare,

2 1084 5 1103 ¹
35 1084 83 1118 ut
102 1089 240 1135 neque
261 1072 314 1117 de
334 1090 505 1118 morum
538 1074 804 1118 correctione
833 1073 1166 1119 catechizandos
1197 1091 1283 1119 esse
1303 1091 1409 1119 cen-

1 1153 152 1189 szeant
175 1144 502 1204 Competentes;
525 1152 568 1187 et
587 1153 898 1205 consequenter
919 1159 1068 1188 omnes
1086 1144 1216 1189 etiam
1237 1143 1410 1189 illarum

2 1211 313 1275 publicarum
341 1211 666 1274 turpitudinum
700 1223 742 1257 et
765 1211 973 1257 scelerum
1004 1213 1294 1276 professores,
1323 1214 1410 1258 hoc

1 1274 5 1325 ,ἶ
34 1292 117 1336 est,
138 1280 409 1337 meretrices,
439 1280 643 1337 lenones,
675 1280 957 1341 gladiatores,
986 1298 1035 1327 ac
1067 1281 1100 1327 si
1121 1281 1230 1346 quid
1250 1281 1407 1341 hujus-

2 1366 5 1406 Ι
34 1349 152 1396 modi
173 1360 260 1405 est,
281 1334 411 1395 etiam
429 1350 474 1396 in
491 1350 576 1396 illis
598 1350 722 1396 malis
742 1360 1071 1414 permanentes,
1093 1351 1267 1397 admitti
1284 1369 1411 1414 opor-

2 1413 5 1468 Ι
35 1430 120 1465 tere
139 1419 417 1466 arbitrentur.
455 1420 614 1466 Omnia
643 1421 811 1484 quippe
830 1420 904 1465 illa
930 1437 1029 1483 quae
1050 1420 1283 1483 Apostolus
1299 1438 1410 1466 enu—

2 1494 5 1533 i
33 1500 194 1545 merat
215 1489 512 1536 concludens.
540 1511 560 1532 c<
582 1490 802 1566 Quoniam
826 1490 902 1552 qui
928 1489 1032 1535 talia
1049 1501 1208 1549 agunt,
1230 1507 1410 1550 regnum

2 1608 5 1639 3
36 1580 57 1601 ι)
75 1559 153 1604 Dei
177 1576 266 1604 non
284 1558 644 1621 possidebunt.»
669 1559 746 1622 qui
763 1558 1062 1604 vehementius
1088 1569 1244 1618 agunt,
1265 1560 1410 1604 mani-

2 1624 185 1675 {festata
210 1628 294 1673 sibi
314 1639 598 1688 congruenter
620 1629 877 1691 increpant,
900 1639 943 1673 et
958 1629 1197 1674 resistentes
1220 1639 1349 1691 atque
1365 1630 1411 1674 in

0 1684 6 1746 l
34 1699 92 1743 eis
127 1715 168 1743 se
203 1715 504 1760 permansuros
531 1699 782 1761 profitentes
813 1698 868 1743 ad
901 1697 1207 1761 accipiendum
1236 1698 1411 1761 baptis-

2 1794 6 1829 ἰ
35 1785 153 1813 mum
172 1785 261 1813 non
281 1767 530 1814 admittunt.

99 1837 298 1883 XXXIV.
342 1837 430 1893 Qui
454 1847 597 1882 autem
622 1837 860 1900 opinantur
876 1848 1033 1882 caetera
1054 1836 1333 1900 eleemosynis
1348 1837 1411 1884 fa-

3 1903 6 1949 ἓ
40 1906 120 1953 cile
133 1908 401 1970 compensari
419 1943 430 1963 ,
457 1907 535 1952 tria
564 1918 704 1953 tamen
734 1907 956 1953 mortifera
980 1924 1065 1952 esse
1092 1925 1179 1952 non
1206 1907 1412 1953 dubitant

2 2004 5 2018 ι
36 1988 77 2024 et
108 1977 627 2022 excommunicationibus
664 1977 913 2040 punienda,
968 1977 1106 2022 donec
1152 1977 1412 2040 poenitentia

3 2049 6 2061 ’
37 2046 266 2093 humiliore
290 2057 515 2102 sanentur,
542 2046 889 2110 impudicitiam,
916 2047 1230 2103 idololatriam,
1258 2048 1407 2093 homi-

4 2156 7 2179 ,
36 2117 214 2163 cidium.
247 2118 394 2179 Neque
418 2133 536 2161 nunc
563 2133 674 2179 opus
702 2127 764 2161 est
794 2133 987 2179 quaerere
1009 2116 1149 2180 qualis
1179 2117 1233 2161 sit
1261 2133 1409 2162 eorum

4 2196 7 2248 Ῑ
37 2187 115 2234 ista
139 2188 370 2242 sententia,
393 2196 435 2231 et
452 2196 522 2231 uti
526 2203 599 2232 um
619 2186 900 2246 corrngenda
930 2204 983 2231 an
1009 2186 1324 2249 approbanda,
1357 2204 1409 2231 ne

5 2250 7 2259 ¹
38 2274 145 2333 opus
168 2267 414 2319 susceptum
434 2257 656 2302 mittamus
674 2257 720 2302 in
744 2257 923 2317 longum
942 2267 1123 2334 propter
1147 2274 1238 2302 eam
1261 2274 1408 2320 quaes-

3 2319 7 2384 ᾖ
37 2326 223 2383 tionem,
261 2343 360 2389 quae
392 2326 500 2371 huic
535 2326 811 2373 absolvendae
850 2327 1026 2372 minime
1062 2343 1221 2372 necess
1223 2342 1297 2372 1111
1326 2337 1400 2373 est.

5 2363 223 2442 Z'Suffleit
221 2397 354 2452 enim,
375 2395 477 2459 quia
494 2397 528 2442 si
548 2397 692 2443 omnia
709 2415 797 2443 non
817 2407 917 2443 sunt
938 2396 1205 2443 admittenda
1223 2396 1277 2441 ad
1297 2397 1407 2458 bap-

4 2430 8 2499 l
39 2467 153 2512 tismi
173 2477 514 2523 sacramentum,
539 2467 651 2513 inter
669 2467 767 2513 haec
791 2467 935 2512 onmia
959 2477 1021 2512 est
1045 2466 1341 2512 adulterium·
1372 2466 1407 2512 si

5 2536 9 2593 ἶ
43 2547 180 2584 autem
200 2537 282 2582 tria
298 2536 372 2582 illa
394 2536 483 2583 sola
506 2538 757 2602 excipienda
782 2548 910 2595 sunt,
934 2538 1064 2584 etiam
1090 2537 1137 2583 in
1169 2536 1239 2583 his
1268 2536 1406 2582 tribus

6 2629 9 2637 ·
42 2617 101 2655 est
126 2605 407 2666 adulterium,
431 2606 546 2655 unde
568 2608 648 2655 ista
672 2608 910 2674 disputatio
929 2618 1028 2656 nata
1052 2617 1127 2659 est.
