1758 3246
265 341 354 386 602
683 352 719 384 s.
763 352 1005 385 mensa-im
1039 352 1243 386 nmscom

273 418 511 484 insepultos
545 435 566 465 a
593 418 837 479 navigando
864 430 990 484 atque
1016 419 1279 467 transeundo
1309 419 1477 470 inferno
1507 436 1632 475 amne

266 490 498 557 prohiberi
521 507 531 535 :
555 490 658 555 quia
679 489 840 536 scilicet

448 618 516 648 Nec
534 615 619 660 ripas
633 616 725 649 datur
740 615 929 653 horrendas,
956 626 1014 649 nec
1036 626 1130 649 rauca
1150 616 1267 650 fluenta

453 671 685 714 Transportare
703 669 801 714 prius,
815 680 909 712 quam
922 669 1051 702 sedibus
1064 680 1135 702 ossa
1154 669 1304 712 quierunt
1319 671 1345 704 ¹.

267 764 376 823 Quis
404 782 480 812 cor
501 766 789 812 christianum
814 766 996 813 inclinet
1023 766 1093 812 his
1118 766 1303 830 poeticis
1344 765 1637 834 fabulosisque

263 838 480 898 figmentis
496 874 507 894 ‚
535 854 636 883 cum
653 838 866 884 Dominus
886 839 911 883 J
915 855 1008 884 esus
1022 875 1032 894 ,
1060 847 1108 883 ut
1128 837 1240 883 inter
1258 838 1534 885 inimicorum
1548 856 1636 886 ma-

268 924 374 962 nus,
410 908 488 972 qui
511 924 659 954 eorum
693 925 878 972 corpora
911 908 958 954 in
996 918 1209 973 potestate
1238 907 1474 965 haberent,
1502 909 1640 956 securi

271 978 587 1035 occumberent
609 979 872 1035 Christiani,
889 996 969 1025 nec
987 978 1195 1043 capillum
1214 978 1368 1042 capitis
1394 995 1544 1025 eorum
1568 997 1640 1026 as-

271 1060 382 1096 serat
393 1050 637 1114 periturum
660 1051 697 1105 2,
723 1051 953 1096 exhortans
964 1067 1016 1095 ne
1030 1050 1212 1096 timeant
1233 1065 1304 1094 eos
1321 1049 1397 1112 qui
1419 1065 1518 1096 cum
1545 1067 1642 1097 cor-

269 1138 351 1184 pus
367 1121 623 1178 occiderint,
648 1121 835 1185 amplius
848 1138 936 1167 non
953 1121 1121 1167 habent
1140 1119 1248 1185 quid
1267 1119 1429 1166 faciant
1445 1119 1491 1166 ³⁰2¹
1515 1121 1641 1168 Unde

270 1192 315 1237 in
338 1192 481 1255 primo
505 1192 620 1238 libro
646 1192 699 1238 de
727 1192 912 1239 Civitate
936 1192 1016 1237 Dei
1032 1191 1132 1237 satis
1147 1229 1158 1249 ,
1187 1201 1401 1255 quantum
1423 1192 1638 1249 existimo,

271 1279 367 1308 sum
380 1263 553 1309 locutus
567 1301 578 1320 ‚
596 1275 645 1310 ut
668 1281 818 1309 eorum
839 1263 1012 1310 dentem
1030 1261 1305 1309 retunderem
1324 1299 1335 1318 ‚
1376 1262 1452 1326 qui
1477 1262 1644 1309 barba-

271 1331 406 1378 ricam
425 1334 669 1378 vastitatem
688 1370 698 1388 ‚
716 1334 942 1395 praecipue
961 1350 1092 1395 quam
1112 1349 1254 1395 nuper
1281 1333 1422 1378 Roma
1444 1349 1645 1396 perpessa

272 1413 357 1458 est,
400 1403 646 1448 christianis
671 1402 942 1465 temporibus
983 1401 1270 1465 imputando,
1296 1402 1425 1447 etiam
1459 1401 1505 1447 id
1529 1401 1647 1462 obji-

273 1472 421 1528 ciunt,
449 1471 569 1536 quod
594 1472 679 1517 suis
703 1471 791 1517 illic
808 1489 896 1517 non
934 1471 1183 1517 subvenerit
1223 1470 1438 1518 Christus.
1472 1471 1646 1527 Quibus

272 1559 373 1588 cum
398 1558 655 1606 responsum
679 1542 834 1598 fuerit,
876 1542 1039 1588 animas
1076 1541 1270 1587 fidelium
1301 1558 1383 1604 pro
1416 1540 1519 1587 fidei
1557 1558 1647 1588 suae

272 1613 434 1658 meritis
455 1613 511 1658 ab
538 1612 613 1658 illo
629 1612 758 1658 fuisse
790 1623 1026 1675 susceptaS‚
1053 1611 1263 1658 insultant
1280 1610 1333 1657 de
1362 1610 1648 1664 cadaveribus

273 1682 512 1746 insepultis.
543 1683 705 1728 Totum
728 1683 876 1746 itaque
900 1683 1029 1728 istum
1051 1681 1105 1727 de
1128 1682 1350 1746 sepultura
1372 1681 1519 1728 locum
1546 1698 1647 1728 ver-

274 1752 341 1798 bis
360 1753 521 1799 talibus
533 1752 744 1816 explicavi
762 1752 795 1800 4.

341 1822 417 1870 lv.
456 1825 513 1870 At
532 1823 646 1869 enim
669 1823 712 1869 in
740 1833 876 1880 tanta,
903 1823 1102 1886 inquam,
1129 1832 1265 1881 strage
1289 1821 1549 1868 cadaverum
1569 1839 1649 1869 nec

275 1893 443 1958 sepeliri
458 1896 723 1958 potuerunt?
747 1895 897 1956 Neque
910 1892 1025 1938 istud
1045 1892 1119 1956 pia
1132 1891 1238 1937 fides
1260 1891 1443 1937 nimium
1457 1891 1650 1938 reformi-

275 1964 373 2021 dat,
397 1975 544 2010 tenens
560 1963 841 2028 praedictum,
867 1981 947 2009 ncc
969 1963 1242 2009 absumentes
1258 1962 1415 2008 bestias
1435 1979 1648 2009 resurrec-

274 2035 381 2080 turis
405 2035 664 2098 corporibus
686 2034 913 2080 obfuturas
930 2071 939 2089 ‚
970 2050 1156 2096 quorum
1181 2032 1365 2096 capillus
1390 2033 1546 2096 capitis
1561 2049 1651 2079 non

272 2106 449 2169 peribit.
479 2107 569 2151 Nec
605 2103 844 2150 ullomodo
880 2104 1042 2150 diceret
1071 2104 1262 2149 Veritas:
1291 2103 1476 2149 «Nolite
1502 2103 1651 2158 timere

273 2193 383 2222 »eos
406 2176 483 2238 qui
505 2192 663 2238 corpus
686 2175 918 2230 occidunt,
948 2176 1137 2221 animam
1162 2185 1307 2220 autem
1338 2191 1427 2219 non
1460 2184 1647 2238 possunt

272 2269 293 2290 ι)
318 2245 542 2292 occidere-‘³
559 2263 569 2290 ε
588 2267 608 2286 »
632 2246 666 2291 si
684 2245 926 2309 quidquam
941 2246 1108 2291 obesset
1130 2244 1233 2290 vitae
1250 2243 1411 2290 futurae
1430 2244 1653 2309 quidquid

274 2317 442 2365 inimici
459 2316 513 2362 de
544 2317 803 2379 corporibus
840 2317 1083 2362 occisorum
1108 2316 1249 2362 facere
1272 2315 1524 2362 voluissent.
1558 2315 1648 2361 Nisi

273 2388 384 2435 forte
401 2386 619 2451 quispiam
633 2387 693 2432 sic
713 2386 926 2432 absurdus
952 2397 1013 2432 est
1046 2397 1094 2432 ut
1118 2385 1359 2432 contendat
1375 2402 1444 2430 eos
1459 2385 1536 2447 qui
1558 2401 1653 2430 cor-

274 2477 357 2524 pus
380 2457 605 2513 occidunt,
634 2474 721 2503 non
735 2457 891 2502 debere
909 2458 1051 2503 timeri
1070 2467 1167 2502 ante
1187 2466 1390 2510 mortem,
1415 2472 1467 2500 ne
1488 2471 1653 2519 corpus

276 2529 510 2582 occidant3
537 2538 580 2574 ct
599 2528 738 2573 timeri
774 2527 932 2573 debere
955 2538 1055 2590 post
1078 2537 1278 2582 mortem,
1314 2543 1366 2571 ne
1389 2542 1550 2589 corpus
1573 2542 1653 2572 oc-

324 2632 332 2652 ¹
354 2634 444 2670 Yirg.
465 2629 591 2661 AEneid.
612 2641 656 2667 vx,
673 2640 753 2660 vers.
771 2631 833 2668 327
851 2634 880 2660 et
901 2631 977 2660 328.
996 2648 1037 2653 -——
1054 2628 1070 2650 2
1085 2629 1201 2661 Matth.
1223 2640 1254 2665 x,
1279 2630 1331 2659 28⁴
1359 2645 1405 2653 —-
1421 2623 1435 2649 3
1454 2630 1526 2660 Luc.
1542 2638 1604 2666 ΧΠ,
1622 2633 1652 2665 4.

278 2702 318 2708 -
343 2681 356 2705 4
375 2686 415 2714 lix
434 2683 515 2716 libro
533 2682 571 2714 de
588 2682 678 2714 (jis-iv.
699 2683 756 2713 Dei
774 2693 843 2725 cap.
869 2693 919 2715 12.
938 2699 980 2705 -—
997 2680 1010 2704 5
1030 2684 1264 2725 Luv.xx1,18,
1281 2687 1311 2712 et
1329 2680 1446 2712 Matth.
1466 2691 1496 2718 x,
1513 2681 1567 2711 28.
