1758 3246
75 331 381 366 ENCHIRIDION
416 336 471 366 DE
508 336 628 377 FIDE,
656 338 732 369 SPE
767 337 821 369 ET
855 336 1122 380 CHARITATE,
1150 338 1238 372 LIB.
1280 338 1310 370 1.
1360 336 1445 384 107

74 400 321 447 mentiendo
337 400 493 447 fallunt
508 440 519 458 ‚
541 420 671 466 quam
689 420 789 449 cum
811 402 1122 449 mentientibus
1137 403 1352 450 credendo
1371 402 1449 449 fal-

74 471 238 517 luntur.
271 472 415 534 [sque
439 473 544 519 adeo
563 484 704 519 tamen
728 474 950 520 rationalis
968 485 1123 519 natura
1146 475 1304 533 refugit
1326 474 1449 519 falsi-

76 551 208 586 tatem
224 579 235 598 ,
256 554 297 588 et
311 554 523 606 quantum
550 555 692 607 potest
715 544 879 590 devitat
897 561 1084 590 errorem
1102 581 1112 599 ‚
1140 554 1189 588 ut
1205 543 1296 588 falli
1311 543 1451 589 nolint

75 611 203 657 etiam
226 613 492 676 quicumque
506 625 653 659 amant
674 614 834 660 fallere.
865 614 963 659 Non
982 613 1096 658 enim
1118 613 1201 658 sibi
1227 612 1303 675 qui
1322 629 1448 657 men-

75 682 182 727 titur
198 684 371 729 videtur
386 701 550 741 errare,
591 685 664 731 sed
702 685 835 731 alium
858 685 905 730 in
941 701 1128 730 errorem
1157 684 1330 728 mittere
1352 699 1451 727 cre-

73 751 245 798 dentem
263 754 361 800 sibi.
384 755 440 799 Et
456 755 502 799 in
518 772 566 800 ea
582 755 761 818 quidem
781 772 826 800 re
844 771 933 800 non
952 765 1066 800 errat
1079 770 1211 816 quam
1223 751 1450 798 mendacio

3 822 6 868 ξ
73 823 286 882 contegit,
307 823 341 869 si
360 824 482 869 novit
504 825 594 887 ipse
614 824 722 888 quid
745 841 896 870 verum
920 824 974 869 sit
1002 841 1012 868 z
1054 822 1127 868 sed
1150 822 1197 867 in
1221 822 1308 867 hoc
1330 820 1450 866 falli-

73 902 164 948 tur,
189 894 306 958 quod
331 906 460 957 putat
484 896 568 941 sibi
587 913 713 942 suum
732 913 820 941 non
840 896 987 941 obesse
1010 893 1319 946 mendacium;
1350 909 1452 938 cum

72 963 209 1021 magis
225 963 400 1010 facienti
424 982 556 1028 quam
573 967 740 1028 patient
753 965 868 1011 obsit
891 981 1016 1010 omne
1039 974 1285 1027 peccatum.

141 1032 217 1078 VI.
262 1034 420 1080 Verum
452 1036 526 1081 hic
554 1036 811 1081 difficillima
849 1045 890 1080 et
914 1033 1246 1080 latebrosissima
1270 1031 1460 1092 gignitur

72 1103 256 1166 quaestio
276 1104 330 1149 de
353 1122 440 1167 qua
466 1109 558 1164 jam
587 1106 792 1166 grandem
820 1105 1004 1161 librum,
1031 1122 1133 1150 cum
1163 1100 1454 1166 respondendi

72 1173 298 1218 necessitas
319 1192 397 1220 nos
428 1186 624 1235 urgeret,
661 1175 926 1221 absolvimus
953 1192 963 1219 :
989 1185 1138 1220 utrum
1172 1173 1227 1218 ad
1261 1171 1454 1217 officium

72 1241 263 1288 hominis
300 1245 406 1303 justi
440 1245 654 1308 pertineat
692 1244 930 1308 aliquando
963 1244 1151 1289 mentiri.
1210 1240 1420 1287 Nonnulli
1434 1239 1452 1269 '¹

72 1312 187 1357 enim
203 1330 252 1358 eo
276 1330 411 1377 usque
432 1315 775 1378 progrediuntur
788 1353 799 1371 ,
823 1326 873 1361 ut
890 1326 931 1361 et
949 1318 1142 1378 pejerare
1157 1350 1168 1369 ,
1192 1323 1234 1358 et
1252 1311 1306 1357 de
1325 1311 1455 1357 rebus

73 1381 128 1427 ad
149 1383 228 1428 Dei
247 1385 417 1431 cultum
436 1387 755 1450 pertinentibus
771 1403 819 1432 ac
838 1385 891 1431 de
915 1386 1008 1449 ipsa
1029 1384 1110 1430 Dei
1128 1394 1283 1429 natura
1299 1381 1456 1428 falsum

73 1451 239 1516 ahquid
263 1454 423 1511 dicere,
451 1473 768 1519 nonnunquam
793 1456 961 1501 bonum
986 1455 1200 1518 piumque
1225 1469 1335 1516 opus
1368 1468 1456 1497 esse

72 1523 351 1572 contendant.
391 1526 503 1572 Mihi
536 1537 679 1572 autem
704 1526 877 1572 videtur
911 1536 1144 1589 peccatum
1164 1523 1344 1587 quidem
1367 1537 1454 1567 esse

72 1609 199 1638 omne
225 1594 502 1641 mendacium
519 1633 531 1653 ,
570 1596 645 1642 sed
680 1596 870 1641 multum
897 1595 1097 1641 interesse
1127 1610 1215 1658 quo
1245 1593 1390 1638 animo
1413 1601 1457 1636 et

73 1663 236 1724 quibus
252 1664 306 1710 de
328 1666 458 1711 rebus
476 1666 658 1729 quisque
678 1665 930 1712 mentiatur.
964 1666 1064 1711 Non
1085 1664 1200 1709 enim
1218 1663 1279 1709 sic
1302 1671 1460 1724 peccat

72 1732 143 1778 ille
162 1734 240 1810 qui
264 1735 541 1792 consulendi,
570 1735 791 1798 quomodo
814 1735 886 1780 ille
915 1735 992 1798 qui
1013 1733 1201 1779 nocendi
1230 1730 1456 1778 voluntate

73 1804 311 1849 mentitur:
333 1815 408 1850 aut
425 1822 525 1850 vero
543 1816 714 1851 tantum
733 1816 860 1850 nocet
879 1805 956 1868 qui
971 1805 1182 1850 viatorem
1205 1800 1455 1848 mentiendo

71 1874 118 1919 in
143 1873 362 1920 diversum
382 1874 463 1920 iter
488 1875 641 1931 mittit,
665 1885 880 1938 quantum
906 1875 941 1920 is
965 1875 1042 1937 qui
1064 1874 1180 1919 xiam
1206 1873 1308 1917 vitae
1327 1887 1454 1915 men-

72 1943 198 1989 dacio
219 1944 392 1990 fallente
416 1944 640 2008 depravat.
674 1947 810 1990 tNemo
833 1962 932 1990 sane
959 1944 1169 1989 mentiens
1187 1939 1455 2002 judicandus

72 2024 151 2069 est,
178 2014 256 2077 qui
275 2014 382 2060 dicit
398 2014 553 2061 falsum
580 2015 699 2078 quod
718 2025 846 2078 putat
864 2031 1014 2061 verum
1038 2031 1048 2058 ε
1079 2012 1288 2076 quoniam
1310 2027 1454 2073 quan—

72 2094 167 2130 tum
190 2085 236 2130 in
258 2085 355 2148 ipso
378 2096 458 2141 est,
484 2103 572 2131 non
606 2085 718 2131 fallit
743 2086 852 2149 ipse,
880 2085 955 2130 sed
975 2084 1155 2130 fallitur.
1190 2084 1291 2129 Non
1308 2081 1456 2144 itaque

72 2154 306 2212 mendacii,
347 2155 421 2200 sed
449 2155 682 2219 aliquando
719 2155 970 2201 temeritatis
996 2153 1241 2214 arguendus
1264 2163 1351 2208 est,
1379 2151 1455 2214 qui

72 2225 177 2271 falsa
200 2225 416 2271 incautius
437 2226 601 2271 credita
622 2243 704 2290 pro
727 2227 837 2272 veris
856 2226 1005 2271 habet.
1040 2226 1279 2287 Potiusque
1304 2239 1326 2267 e
1345 2239 1456 2267 con-

71 2295 224 2351 trano,
253 2306 467 2359 quantum
490 2296 537 2341 in
556 2296 652 2359 ipso
677 2307 756 2352 est,
792 2296 863 2341 ille
886 2295 1113 2350 mentitur,
1149 2294 1227 2356 qui
1251 2292 1360 2337 dicit
1379 2307 1456 2336 ve-

74 2382 172 2412 rum
191 2366 310 2429 quod
329 2377 458 2430 putat
474 2366 646 2413 falsum.
679 2367 907 2422 Quantum
925 2365 1039 2411 enim
1064 2364 1120 2411 ad
1146 2364 1340 2410 animum
1364 2365 1455 2420 ejus

76 2436 245 2494 attinet,
266 2437 370 2499 quia
386 2454 475 2482 non
498 2437 618 2500 quod
638 2437 767 2482 sentit
785 2436 871 2482 hoc
890 2436 1014 2491 dicit,
1038 2452 1126 2480 non
1149 2450 1301 2479 terum
1326 2431 1450 2484 dicit,

76 2507 274 2569 quamvis
287 2524 436 2552 verum
453 2507 698 2553 inveniatur
719 2524 805 2552 esse
820 2506 939 2570 quod
959 2506 1098 2551 dicit:
1120 2520 1198 2549 nec
1218 2502 1307 2547 ullo
1326 2499 1455 2546 modo

75 2577 187 2623 liber
199 2587 262 2622 est
272 2595 295 2622 a
309 2577 639 2641 mendacio‚qui
650 2594 722 2623 ore
732 2577 925 2623 nesciens
934 2593 1010 2621 vel
1013 2592 1086 2620 um
1103 2572 1223 2636 loqui
1229 2583 1313 2628 tur
1320 2570 1457 2617 sciens

125 2660 135 2682 ¹
155 2659 414 2693 priscillianistae.
