1758 3246
492 342 663 372 necem
700 343 756 372 An
796 341 956 371 suavos
994 342 1080 371 DEI.
1383 327 1468 376 581

111 407 228 463 ritas,
249 408 402 453 referat
421 406 537 470 quod
555 407 731 452 modum
749 406 815 451 vel
829 406 937 450 vires
953 409 1042 465 ejus
1059 407 1234 454 excedit.
1258 410 1354 472 Ipse
1376 425 1475 455 vero

111 478 186 540 qui
205 478 328 523 vobis
345 487 501 540 praeest
523 494 611 522 non
645 494 685 521 se
708 476 915 522 existimet
952 486 1160 537 potestate
1196 476 1469 534 dominante,

109 547 182 592 sed
196 548 407 593 charitate
425 547 631 592 serviente
652 547 832 592 felicem.
860 545 1035 590 Honore
1057 562 1202 591 coram
1217 548 1344 593 vobis
1362 566 1474 611 prae-

109 615 220 662 latus
237 617 290 662 sit
312 617 435 663 vobis
449 654 459 673 ,
486 618 639 663 timore
661 633 805 663 coram
827 617 917 660 Deo
950 615 1190 660 substratus
1212 616 1264 661 sit
1286 617 1472 680 pedibus

109 686 269 733 vestris.
302 686 429 732 Circa
450 704 596 733 omnes
620 704 661 732 se
680 687 824 750 ipsum
847 685 1062 730 bonorum
1084 701 1264 748 operum
1281 687 1475 749 praebeat

109 755 363 819 exemplum.
397 757 616 820 Corripiat
641 756 875 820 inquietos,
903 754 1147 800 consoletur
1159 755 1471 818 pusillanimes,

109 826 314 888 suscipiat
337 826 577 873 infirm0s1.
605 827 776 872 Patiens
809 827 861 871 sit
897 825 951 871 ad
989 843 1148 872 omnes.
1188 826 1474 890 Disciplinam

106 895 245 941 libens
267 897 427 942 habeat
444 935 453 953 ,
483 908 672 943 metuens
697 898 906 960 imponat.
943 898 997 941 Et
1025 897 1224 956 quamvis
1243 908 1474 962 utrumque

107 965 160 1010 sit
176 967 477 1023 necessarium,
500 978 642 1013 tamen
660 967 760 1031 plus
778 986 801 1013 a
818 967 941 1012 vobis
967 967 1101 1012 amari
1119 977 1318 1030 appetat,
1342 984 1474 1031 quam

108 1035 247 1081 timeri
265 1054 275 1081 ε
305 1054 472 1101 semper
492 1039 681 1098 cogitans
695 1040 785 1083 Deo
804 1055 844 1082 se
864 1054 945 1100 pro
957 1038 1081 1083 vobis
1101 1036 1372 1083 redditurum
1387 1054 1473 1083 esse

106 1106 328 1153 rationem.
349 1108 473 1153 Unde
495 1126 569 1154 vos
595 1108 728 1168 magis
751 1107 994 1153 obediendo
1013 1145 1023 1163 ,
1051 1124 1138 1152 non
1162 1107 1302 1153 solum
1323 1107 1471 1162 vestri,

105 1175 178 1221 sed
194 1178 321 1222 etiam
334 1178 468 1242 ipsius
492 1179 774 1225 miseremini:
801 1180 901 1242 quia
922 1179 1033 1224 inter
1059 1195 1158 1233 vos,
1186 1188 1350 1242 quanto
1374 1177 1470 1223 loco

105 1247 344 1310 superiore,
362 1259 481 1294 tanto
501 1250 545 1294 in
571 1250 766 1312 periculo
788 1253 949 1308 majore
966 1259 1171 1294 versatur.

169 1318 270 1364 Xll.
300 1319 439 1364 Donet
463 1320 672 1364 Dominus
693 1330 740 1364 ut
758 1319 991 1364 observetis
1011 1319 1108 1363 haec
1122 1319 1268 1364 onmia
1285 1334 1386 1363 cum
1404 1317 1469 1363 di-

104 1386 303 1443 lectione,
331 1399 533 1451 tanquam
558 1389 761 1452 spiritalis
793 1387 1134 1452 pulchritudinis
1167 1399 1401 1444 amatores,
1428 1398 1472 1434 et

103 1457 220 1503 bono
241 1458 405 1504 Christi
441 1459 571 1505 odore
604 1460 656 1505 de
688 1460 804 1505 bona
843 1459 1165 1504 conversatione
1200 1459 1465 1519 fragrantes,

103 1547 191 1575 non
210 1531 320 1576 sicut
348 1531 456 1576 servi
476 1531 556 1576 sub
579 1531 669 1591 lege
684 1567 694 1586 ,
719 1530 790 1576 sed
810 1530 921 1575 sicut
937 1529 1063 1574 liberi
1097 1529 1179 1574 sub
1198 1529 1333 1589 gratia
1355 1547 1466 1575 con—

103 1601 254 1648 stituti.
275 1603 332 1647 Ut
350 1612 492 1647 autem
510 1619 583 1647 vos
603 1602 647 1647 in
682 1602 767 1647 hoc
800 1600 971 1656 libello,
1001 1610 1207 1663 tanquam
1231 1600 1276 1646 in
1293 1601 1467 1663 speculo

103 1673 274 1735 possitis
295 1673 529 1736 inspicere,
567 1691 619 1718 ne
636 1691 713 1736 per
738 1672 1001 1718 oblivionem
1037 1671 1201 1735 aliquid
1225 1672 1464 1732 negligatis,

103 1743 231 1789 semel
258 1744 302 1789 in
326 1744 563 1807 septimana
582 1745 705 1790 vobis
731 1744 910 1804 legatur.
944 1744 999 1788 Et
1024 1743 1101 1789 ubi
1128 1760 1202 1789 vos
1224 1743 1468 1788 inveneritis

103 1831 148 1858 ea
165 1830 263 1877 quae
285 1814 447 1877 scripta
479 1825 578 1859 sunt
601 1814 825 1863 facientes.
856 1814 966 1874 agite
989 1813 1142 1874 gratias
1168 1813 1354 1859 Domino
1383 1813 1470 1858 bo-

104 1899 261 1928 norum
299 1883 494 1929 omnium
529 1884 738 1944 largitori.
777 1884 865 1929 Ubi
903 1894 1046 1929 autem
1082 1883 1164 1928 sibi
1202 1883 1468 1947 quicumque

103 1963 292 1998 vestrum
314 1953 432 1999 videt
462 1953 625 2017 aliquid
657 1953 796 1999 deesse
822 1953 965 1999 doleat
981 1952 1034 1999 de
1054 1956 1291 2016 praeterito,
1317 1962 1464 1998 caveat

104 2022 158 2068 de
177 2022 345 2079 futuro,
371 2041 493 2070 orans
514 2035 562 2069 ut
579 2035 621 2070 et
637 2024 832 2071 debitum
857 2024 1118 2081 dimittatur,
1136 2034 1178 2070 et
1199 2024 1244 2070 in
1262 2023 1467 2070 tentatio-

105 2110 202 2139 nem
219 2111 307 2140 non
325 2095 573 2143 inducatur.
600 2097 750 2143 Amen.

155 2198 163 2213 ¹
190 2203 200 2222 ι
224 2191 336 2224 Thess.
360 2203 389 2230 v,
413 2198 464 2228 14.
