1758 3246
242 331 336 385 614
667 342 704 372 5.
749 339 992 370 AUGUSTINI
1027 339 1233 371 EPISCOPI

239 410 330 455 beri
358 408 450 468 lege
477 406 746 453 somniavit.
788 422 931 451 nonne
958 405 1037 450 ista
1069 405 1276 453 credens
1316 405 1559 471 plurimum
1597 422 1621 456 a

240 480 411 525 tramite
431 478 619 524 veritatis
645 477 827 522 exorbit
828 487 881 521 tt
873 479 892 507 Ί

300 540 426 595 Xlil.
471 548 543 593 Sic
573 558 716 593 autem
752 547 984 591 infirmitas
1020 545 1213 593 humana
1247 565 1335 594 sese
1367 550 1502 597 habet
1523 589 1534 607 ,
1573 563 1622 598 ut

237 631 338 666 cum
367 620 412 665 in
436 619 595 665 somnis
615 619 797 682 quisque
817 609 974 662 viderit
998 628 1219 663 mortuum
1239 656 1249 673 ,
1274 619 1408 682 ipsius
1433 622 1622 668 animam

230 708 279 737 ‘se
298 690 443 736 videre
468 689 728 741 arbitretur3
757 704 858 733 cum
881 699 1024 733 autem
1045 693 1194 733 vivum
1213 688 1415 736 similiter
1432 693 1623 738 somnia-

235 762 347 807 verit
364 798 374 816 ,
401 778 486 805 non
512 763 602 819 ejus
625 759 810 803 animam
831 795 840 804 .
864 775 1004 821 neque
1025 774 1211 821 corpus,
1236 759 1308 804 sed
1335 760 1528 807 hominis
1565 762 1626 808 si-

239 831 531 877 militudinem
557 829 640 874 sibi
657 829 910 892 apparuisse
934 845 1023 873 non
1038 828 1211 874 dubitet
1236 845 1246 873 z
1274 831 1398 892 quasi
1418 848 1502 876 non
1526 848 1625 895 pos-

240 904 325 948 sint
351 912 392 946 et
415 911 687 946 mortuorum
715 899 943 944 hominum
972 898 1121 943 eodem
1148 898 1279 943 modo
1301 901 1584 947 nescientium
1609 939 1621 958 ,

240 990 331 1017 non
364 972 518 1017 animae
539 1008 549 1026 ,
591 970 663 1015 sed
692 968 997 1014 similitudines
1034 986 1242 1032 apparere
1282 969 1619 1019 dormientibus,

243 1043 330 1088 Pro
354 1052 498 1097 certo,
541 1058 642 1086 cum
684 1034 921 1084 Mediolani
949 1056 1156 1095 essemus,
1201 1039 1447 1086 audivimus
1468 1079 1478 1092 ,
1506 1042 1626 1106 quod

246 1129 347 1158 cum
373 1111 571 1157 debitum
591 1120 888 1173 repeteretura
906 1109 1098 1172 quod-im
1119 1147 1129 1163 ,
1153 1109 1349 1156 defuncti
1366 1113 1502 1174 patris
1517 1131 1626 1159 cau-

246 1184 361 1228 tione
388 1182 555 1246 prolata
569 1219 579 1237 ‚
604 1181 721 1244 quod
743 1181 832 1225 lilio
853 1180 1068 1225 nesciente
1088 1198 1109 1225 a
1123 1191 1246 1243 patre
1262 1185 1351 1240 jam
1366 1181 1508 1228 fuerat
1523 1200 1628 1246 per-

249 1254 435 1299 solutum
455 1290 464 1298 .
493 1251 739 1298 contristari
766 1251 900 1295 homo
925 1250 1172 1309 gravissime
1195 1252 1334 1313 coepit
1356 1288 1366 1303 ,
1395 1262 1523 1315 atque
1543 1253 1628 1298 mi·-

250 1324 339 1369 'ra‘ri
358 1323 474 1386 quod
503 1323 541 1368 ei
564 1333 689 1386 pater
707 1322 894 1366 moriens
913 1337 999 1365 non
1018 1319 1171 1365 dixerit
1186 1321 1292 1383 quid
1310 1321 1507 1378 deberet,
1528 1339 1628 1368 cum

250 1393 416 1440 fecisset
447 1393 576 1438 etiam
601 1400 917 1438 testamentum.
959 1390 1086 1435 Tunc
1108 1390 1145 1434 ei
1175 1390 1301 1435 nimis
1331 1392 1453 1437 anxio
1487 1410 1628 1456 appa-

248 1465 338 1510 ruit
362 1464 473 1509 idem
494 1473 617 1526 pater
634 1461 780 1522 ejusin
799 1461 981 1515 somnis,
1008 1469 1050 1504 et
1073 1460 1149 1505 uhi
1172 1470 1277 1504 esset
1301 1473 1523 1508 recautum
1539 1480 1628 1527 quo

251 1534 325 1579 illa
343 1534 489 1579 cautio
502 1542 685 1578 vacuata
703 1530 860 1585 fuerat,
888 1529 1113 1576 indicavit.
1141 1530 1242 1586 Quo
1263 1531 1438 1577 invento
1457 1533 1630 1593 juvenis

254 1614 383 1667 atque
407 1612 645 1648 monstrato
663 1639 673 1657 ,
693 1619 780 1647 non
795 1601 930 1646 solum
955 1599 1051 1645 falsi
1080 1600 1218 1645 debiti
1238 1602 1503 1648 calumniam
1522 1621 1631 1667 pro-

252 1674 472 1739 pulsavit,
512 1673 583 1718 sed
617 1673 744 1718 etiam
781 1682 1010 1735 paternum
1049 1671 1213 1735 recepit
1249 1672 1626 1752 chirographum,

235 1755 237 1757 ’
253 1745 373 1810 quod
398 1755 521 1809 pater
539 1761 628 1789 non
646 1753 888 1807 receperat,
906 1741 1084 1805 quando
1101 1752 1163 1787 est
1181 1742 1399 1805 persoluta
1422 1745 1624 1809 pecunia.

256 1816 365 1862 Hic
356 1826 405 1861 1t
393 1832 500 1879 aque
510 1824 724 1879 putatur
715 1815 855 1859 anima
870 1813 1060 1859 hominis
1080 1830 1229 1858 emam
1244 1814 1414 1873 gessisse
1426 1832 1508 1878 pro
1518 1815 1626 1872 filio,

234 1896 294 1931 >et
317 1886 371 1932 ad
400 1902 500 1931 eum
523 1884 685 1930 venisse
707 1884 1027 1930 dormientem.
1058 1894 1106 1929 ut
1133 1883 1292 1929 docens
1308 1884 1463 1947 quod
1453 1902 1631 1946 ignora-

254 1956 359 2010 bat,
389 1974 412 2001 a
438 1973 592 2015 magna
616 1971 713 2000 eum
750 1955 940 2000 molestia
975 1955 1193 2001 liberaret.
1233 1954 1317 1999 Sed
1349 1955 1499 2000 eodem
1535 1957 1631 2020 ipso

236 2025 389 2071 ferme
410 2037 604 2089 tempore
630 2024 747 2088 quod
770 2025 816 2070 id
842 2023 1107 2080 audivimus,
1126 2025 1227 2070 item
1251 2025 1378 2070 nobis
1401 2025 1520 2088 apud
1543 2028 1630 2071 Me-

258 2097 482 2142 diolanum
509 2097 755 2142 constitutis
774 2133 784 2151 ,
815 2096 1092 2155 Carthaginis
1116 2095 1266 2140 rhetor
1290 2095 1495 2156 Eulogius
1517 2134 1528 2153 ,
1556 2097 1634 2160 qui

257 2184 378 2213 meus
400 2167 444 2212 in
469 2167 621 2212 eadem
657 2177 746 2212 arte
785 2166 1027 2229 discipulus
1064 2165 1178 2216 fuit.
1217 2166 1328 2211 sicut
1364 2167 1472 2212 mihi
1509 2167 1629 2231 ipse,

255 2247 539 2301 posteaquam
564 2238 609 2281 in
634 2237 821 2281 Africam
855 2236 1137 2281 remeavimus
1155 2236 1341 2284 ,retulit
1361 2274 1372 2293 ,
1406 2237 1634 2282 cum'rhe-

256 2307 418 2352 toricos
435 2306 659 2352 Ciceronis
673 2306 808 2351 libros
823 2306 1051 2369 discipulis
1070 2306 1156 2352 suis
1175 2306 1387 2364 traderet,
1413 2323 1634 2353 recensens

254 2377 486 2423 lectionem
510 2393 642 2439 quam
677 2376 888 2440 postridie
921 2376 1062 2421 fuerat
1097 2377 1336 2422 traditurus
1355 2414 1366 2432 ,
1397 2377 1634 2441 quemdam

255 2448 401 2494 locum
430 2446 610 2492 offendit
634 2446 870 2492 obscurum
902 2464 911 2491 :
942 2463 1031 2509 quo
1066 2463 1154 2492 non
1179 2447 1397 2493 intellecto
1423 2488 1432 2502 Ι
1458 2448 1526 2493 vix
1548 2465 1635 2511 po-

256 2519 340 2563 tuit
365 2517 556 2563 dormire
576 2517 813 2562 sollicitus:
834 2534 918 2580 qua
939 2527 1066 2561 nocte
1085 2518 1314 2562 somnianti
1338 2535 1415 2577 ego
1435 2517 1496 2562 illi
1514 2518 1632 2581 quod

245 2599 343 2633 non
363 2587 631 2647 intelligebat
650 2588 824 2651 exposui
853 2605 862 2631 z
893 2588 980 2632 imo
1002 2604 1088 2633 non
1110 2603 1189 2646 ego
1211 2624 1221 2641 ,
1251 2587 1322 2632 sed
1367 2588 1506 2647 imago
1543 2605 1630 2633 ntea

255 2657 467 2702 nesciente
490 2674 579 2703 me.
604 2668 646 2701 et
669 2667 754 2701 tam
787 2657 909 2715 longe
937 2668 1054 2703 trans
1081 2674 1197 2703 mare
1219 2657 1385 2720 aliquid
1413 2657 1530 2704 aliud
1548 2658 1633 2704 sive
