1758 3246
328 333 383 362 DE
420 332 520 362 rim:
553 331 606 361 Er
641 331 879 370 ornamus,
918 331 1005 360 ΜΒ.
1048 333 1078 362 1.
1347 318 1405 381 57

37 400 141 453 bra,
169 398 329 460 quibus
342 397 396 442 sit
416 407 549 460 caput
566 434 576 447 ,
603 407 772 460 quaerat
789 433 800 451 ,
827 395 1041 441 insitituat
1057 432 1067 451 ‚
1090 395 1240 456 diligat
1258 434 1268 453 ‚
1292 397 1406 442 libe-

37 478 126 523 ret,
146 478 272 529 atque
303 465 358 512 ad
382 476 588 512 aeternam
603 467 738 512 vitam
757 466 1056 528 honoremque
1077 466 1269 527 sepultus
1292 477 1354 511 est
1366 477 1409 512 et

38 537 142 600 quia
155 535 380 599 perducat.
402 536 510 581 Haec
526 552 628 581 cum
649 535 875 591 dicuntur,
897 534 1133 598 aliquando
1153 535 1326 580 brevius
1346 547 1407 581 at-

35 623 119 670 que
149 606 422 651 constrictius
440 643 451 663 ,
478 605 710 669 aliquando
742 605 871 651 latius
906 615 948 650 et
968 605 1173 661 uberius,
1209 605 1409 652 Christus

35 676 371 736 evangelizatum
389 687 431 721 et
457 687 601 722 tamen
617 694 705 721 non
723 676 862 721 solum
881 675 1002 738 quod
1015 675 1069 720 ad
1093 675 1243 731 fidem,
1258 693 1409 722 verum

36 747 163 792 etiam
177 747 298 810 quod
313 746 508 792 admores
521 746 716 792 fidelium
727 747 932 809 pertinet,
943 763 1032 791 non
1040 746 1403 809 praetermittitur.

100 817 192 863 XV.
235 817 331 862 Hoc
354 816 537 876 intelligi
559 827 700 880 potest
722 817 852 861 etiam
867 816 913 861 in
932 833 980 861 eo
998 816 1119 879 quod
1141 833 1411 862 commemo-

35 897 132 932 rant
160 885 312 931 dixisse
340 886 602 950 Apostolum
625 886 812 932 Paulum
840 903 851 931 ι
881 906 900 925 «
922 886 1046 932 Nihil
1071 903 1139 931 me
1171 886 1273 931 duxi
1305 887 1412 931 scire

36 978 56 998 »
82 957 128 1002 in
145 957 287 1013 vobis,
313 957 395 1002 nisi
419 956 646 1001 Christum
670 957 835 1010 Jesum,
857 966 899 1001 et
916 956 1038 1001 hunc
1062 955 1318 1001 crucifixum
1336 955 1368 1002 1.
1390 978 1410 997 υ

37 1026 168 1082 Quod
195 1027 259 1072 illi
282 1036 441 1089 putant
462 1027 520 1072 ita
546 1026 733 1080 dictum,
772 1035 980 1087 tanquam
1001 1025 1114 1070 nihil
1135 1025 1252 1070 aliud
1269 1025 1326 1071 eis
1347 1025 1413 1070 in-

35 1097 251 1142 sinuatum
285 1108 414 1148 esset;
456 1105 504 1139 ut
527 1095 730 1156 primitus
767 1095 1007 1150 crederent,
1038 1113 1087 1141 ac
1118 1095 1274 1141 deinde
1306 1096 1412 1159 bap-

36 1166 150 1210 tizati
183 1164 404 1228 quidquid
441 1163 494 1209 ad
534 1163 668 1209 vitam
702 1181 928 1227 moresque
956 1166 1144 1226 pertinet
1176 1166 1404 1211 discerent.

33 1236 147 1292 Hoc,
187 1235 410 1298 inquiunt,
437 1234 646 1296 Apostolo
674 1234 772 1279 satis
796 1251 1013 1297 superque
1039 1235 1224 1291 suffecit,
1251 1235 1328 1298 qui
1356 1235 1414 1280 eis

36 1306 158 1362 dixit,
184 1305 304 1369 quod
328 1305 406 1350 etsi
429 1305 588 1350 multos
614 1305 874 1367 paedagogos
904 1306 1118 1351 haberent
1138 1306 1185 1351 in
1206 1306 1384 1352 Christo
1399 1343 1410 1361 ,

35 1376 107 1422 sed
146 1393 234 1423 non
274 1375 433 1421 multos
472 1385 633 1452 patres,
677 1375 781 1437 quia
809 1392 878 1420 eos
920 1375 966 1419 in
1000 1375 1178 1420 Christo
1209 1376 1310 1420 Jcsu
1335 1393 1415 1438 per

36 1445 353 1506 Evangelium
342 1461 434 1508 ipse
461 1445 686 1504 genuisset.
732 1444 777 1489 Si
801 1462 900 1503 eigo
931 1444 1004 1489 ille
1024 1445 1100 1507 qui
1121 1462 1200 1507 per
1219 1446 1414 1522 Evange-

34 1515 141 1560 lium
175 1516 339 1575 genuit
371 1514 616 1591 quamvis„
595 1514 751 1558 oritias
783 1531 831 1573 ag
829 1524 881 1558 at
909 1514 1029 1576 quod
1053 1514 1267 1560 neminem
1290 1516 1414 1578 ipso-

35 1602 133 1630 rum
169 1584 457 1648 baptizaxeiit
484 1584 565 1628 nisi
593 1583 799 1647 Crispum
832 1594 873 1627 et
911 1584 1073 1628 Gaium
1105 1594 1145 1629 et
1178 1585 1416 1647 Stephanae

40 1654 221 1701 domum
237 1655 274 1712 2,
308 1654 421 1700 nihil
438 1671 507 1699 eos
525 1653 711 1715 amplius
729 1653 881 1699 docuit
903 1670 1035 1715 quam
1065 1653 1290 1700 Christum
1307 1671 1415 1700 cru-

34 1726 210 1771 cifixum
232 1745 244 1779 ;
272 1724 379 1788 quid
400 1724 434 1769 si
451 1724 566 1769 dicat
595 1723 768 1786 aliquis,
796 1741 875 1769 nec
897 1724 1169 1769 resurrexisse
1189 1725 1414 1771 Christum

34 1811 104 1840 eos
135 1794 321 1851 audisse,
350 1793 528 1858 quando
553 1810 632 1856 per
653 1793 938 1852 Evangelium
975 1793 1108 1852 geniti
1131 1798 1257 1840 sunt?
1290 1795 1415 1840 Unde

34 1877 94 1911 est
124 1865 256 1925 igitur
285 1864 405 1928 quod
431 1863 490 1909 eis
516 1863 626 1909 dicit
656 1882 666 1908 t
697 1884 717 1904 «
739 1863 922 1909 Tradidi
957 1864 1072 1910 enim
1103 1865 1228 1910 vobis
1245 1865 1291 1910 in
1325 1866 1416 1928 pri-

36 1958 57 1977 »
79 1937 176 1992 mis,
203 1936 305 1998 quia
341 1935 543 1980 Christus
568 1945 764 1979 mortuus
783 1944 845 1979 est
868 1933 1112 1979 secundum
1133 1934 1384 1997 Scripturas
1401 1973 1412 1991 ‚

35 2026 56 2047 >2
70 2016 111 2051 et
123 2004 225 2068 quia
242 2004 436 2067 sepultus
448 2013 575 2058 est‚et
591 2003 694 2065 quia
710 2003 938 2047 resurrexit
951 2003 1076 2047 tertia
1089 2002 1158 2048 die
1176 2004 1416 2052 secundum

36 2095 58 2116 »
70 2075 318 2138 Scripturas
331 2074 368 2130 3,
383 2094 403 2115 »
419 2073 453 2118 si
467 2072 580 2118 nihil
594 2073 675 2118 nisi
689 2072 946 2117 crucifixum
958 2072 1164 2118 docuerat
1179 2076 1197 2119 ἒ)
1216 2073 1261 2119 Si
1274 2086 1420 2122 autem

36 2163 123 2191 non
136 2146 196 2191 ita
209 2144 373 2204 intellig
380 2143 553 2199 unt,sed
563 2143 650 2188 hoc
662 2160 835 2206 quoque
851 2143 905 2189 ad
920 2143 1147 2189 Christum
1158 2145 1417 2193 crucifixum

36 2216 250 2279 pertinere
280 2213 569 2270 contendunt,
606 2214 744 2259 sciant
771 2214 818 2259 in
843 2213 1024 2260 Christo
1047 2214 1255 2261 crucifixo
1278 2218 1418 2263 multa

35 2286 230 2332 homines
265 2286 450 2342 discere,
483 2296 525 2331 et
552 2285 733 2332 maxime
759 2284 880 2348 quod
910 2306 930 2326 «
950 2285 1082 2332 Vetus
1108 2285 1242 2332 homo
1273 2298 1419 2334 noster

37 2377 58 2399 ›>
75 2357 203 2403 simul
225 2357 454 2403 crucifixus
483 2367 544 2402 est
560 2393 570 2413 ‚
611 2367 659 2401 ut
686 2367 920 2403 evacuetur
950 2373 1109 2420 corpus
1134 2359 1306 2420 peccati
1329 2396 1339 2415 ,
1375 2370 1416 2405 et

34 2448 58 2477 .>›
79 2427 192 2473 ultra
213 2445 300 2473 non
320 2426 554 2472 serviamus
580 2438 762 2489 peccato
778 2426 810 2474 Λ,
835 2448 855 2467 »
880 2426 1006 2472 Unde
1025 2428 1155 2472 etiam
1179 2427 1232 2472 de
1255 2445 1297 2472 se
1322 2429 1418 2491 ipso

36 2496 143 2543 dicit
163 2515 174 2542 ι
198 2518 219 2538 «
239 2496 352 2542 Mihi
380 2507 524 2543 autem
556 2497 667 2543 absit
698 2497 891 2557 gloriari,
919 2496 1001 2542 nisi
1019 2497 1065 2542 in
1085 2513 1215 2542 cruce
1236 2497 1416 2545 Domini

38 2585 59 2608 >2
81 2566 218 2612 nostri
234 2568 334 2612 Jesu
355 2566 541 2623 Christi,
568 2583 646 2630 per
668 2583 799 2631 quem
828 2566 940 2612 mihi
966 2565 1156 2612 mundus
1189 2567 1422 2614 crucifixus

86 2649 94 2673 ¹
117 2660 133 2679 2
149 2651 224 2682 Cor.
244 2660 279 2686 11,
299 2660 330 2680 2.
349 2666 395 2672 —-
417 2648 432 2670 2
456 2661 469 2680 ι
499 2647 694 2687 Cor.1‚'14.
711 2664 754 2674 ——
773 2646 787 2672 3
806 2648 853 2681 Id.
867 2659 920 2690 xv,
937 2651 971 2682 3.
996 2663 1033 2670 ·-··
1053 2645 1067 2672 ⁴
1083 2652 1176 2682 Rom·
1190 2659 1233 2689 vi,
1249 2651 1281 2682 6.
