1758 3246
390 324 446 355 DE
480 319 814 366 οοΝΤῙΝΕΝΤῙΛ,
852 323 939 357 Lm.
980 325 1012 357 1.
1314 313 1406 361 233

36 414 57 437 n
80 392 280 439 Christus
299 389 443 436 dilexit
463 389 703 435 Ecclesiam
719 426 730 445 ‚
764 390 825 435 ita
848 400 890 435 et
921 390 1003 436 viri
1037 390 1198 438 debent
1232 392 1410 454 diligere

36 484 57 505 ›>
77 480 224 508 uxores
244 477 365 516 suaS,
392 460 506 505 sicut
528 476 604 504 sua
629 476 827 522 corpora.
855 481 876 501 ›>
903 460 1047 505 Nolite
1071 461 1118 505 in
1144 461 1229 507 illis
1247 473 1410 509 sanctae

37 533 277 595 Scripturae
298 529 550 575 testimoniis
568 546 654 574 esse
671 528 887 584 insidiosi,
909 529 955 574 in
973 529 1041 575 his
1063 529 1184 575 surdi
1203 550 1214 584 ;
1234 541 1275 575 et
1294 531 1412 577 eritis

34 603 81 648 in
112 602 303 664 utrisque
331 599 527 645 correcti.
572 599 680 645 Haec
706 599 821 644 enim
853 599 888 644 si
910 599 1133 663 accipiatis
1156 611 1204 646 ut
1227 600 1410 661 dignum

35 681 123 727 est,
151 670 419 716 conabimini
441 679 484 714 et
507 668 582 713 illa
600 668 838 728 intelligere
861 679 910 714 ut
932 686 1082 715 verum
1102 680 1177 717 est.

99 741 415 788 XX111.s1es
434 739 645 803 quasdam
663 704 844 803 copbulas
862 740 990 786 nobis
1009 740 1243 788 insinuavit
1266 741 1412 818 Apos-

34 811 173 867 tolus,
202 810 429 855 Christum
454 820 496 853 et
514 809 783 866 Ecclesiam,
813 810 958 855 virum
981 821 1023 855 et
1046 827 1219 856 uxorem
1238 810 1412 873 ,spiri-

36 891 129 925 tum
147 891 188 925 et
212 896 400 925 calnem.
434 879 602 923 Horum
635 879 783 942 priora
815 880 1129 942 posterioribus
1147 880 1410 936 consulunt,

34 950 271 1014 posteriora
291 948 513 1011 prioribus
530 948 813 996 famulantur.
847 949 1008 995 Omnia
1031 951 1149 996 bona
1165 961 1289 1007 sunt,
1311 967 1415 995 cum

34 1021 80 1066 in
104 1020 161 1064 615
183 1018 386 1082 quaedam
414 1018 576 1062 ordinis
600 1018 981 1081 pulchritudinem
1012 1021 1265 1067 excellenter
1292 1038 1414 1083 prae-

35 1090 175 1154 posita
192 1126 203 1144 ,
243 1087 448 1151 quaedam
488 1087 689 1132 (lecenter
721 1089 918 1148 subjecta
957 1091 1223 1137 custodiunt.
1268 1091 1345 1136 Vir
1374 1099 1416 1134 et

37 1176 165 1215 uxor,
187 1157 336 1222 quales
369 1175 514 1203 secum
535 1175 621 1202 esse
642 1157 855 1215 debeant,
888 1171 1162 1222 praeceptum
1192 1159 1417 1222 accipiunt

36 1241 79 1275 et
101 1228 358 1292 exemplum.
390 1228 670 1290 Praeceptum
687 1237 750 1272 est
771 1245 782 1272 ε
809 1249 829 1269 «
850 1228 1054 1274 Mulieres
1077 1229 1180 1275 viris
1200 1229 1285 1273 suis
1303 1228 1414 1273 sub-

38 1321 59 1342 »
79 1299 183 1346 ditae
207 1299 292 1344 sint
310 1335 320 1353 ,
347 1298 459 1342 sicut
484 1298 671 1343 Domino
693 1318 703 1351 ;
730 1299 832 1360 quia
855 1299 924 1344 vir
943 1310 1077 1361 caput
1098 1298 1291 1344 mulieris
1317 1309 1379 1343 est
1400 1315 1412 1342 ε

38 1391 59 1411 »
76 1380 133 1424 61,
155 1369 191 1414 V
195 1368 246 1412 iri
260 1405 270 1423 ‚
296 1367 460 1426 diligite
482 1383 630 1411 uxores
651 1377 825 1413 vestras
851 1388 872 1408 >2
895 1368 1155 1430 Exemplum
1176 1378 1320 1414 autem
1341 1367 1416 1413 da-

38 1449 109 1483 tur
146 1436 402 1482 mulieribus
436 1435 489 1480 dc
526 1435 742 1491 Ecclesia,
774 1435 876 1481 viris
910 1436 963 1481 de
999 1437 1176 1482 Christo
1199 1454 1209 1481 ε
1246 1456 1268 1478 «
1293 1437 1418 1482 Sicut

38 1528 59 1550 >)
82 1506 299 1558 Ecclesia,
331 1505 500 1568 inquit,
538 1504 716 1549 subdita
737 1515 800 1549 est
826 1505 1027 1561 Christo,
1053 1506 1115 1550 ita
1145 1516 1187 1550 et
1218 1506 1417 1551 mulieres

39 1599 60 1620 »
78 1578 179 1623 viris
214 1576 299 1621 suis
327 1575 372 1619 in
407 1574 653 1621 omnibusl.
678 1595 700 1616 >³
736 1575 942 1620 Similiter
976 1586 1020 1620 et
1041 1575 1144 1621 viris
1171 1575 1272 1621 dato
1295 1592 1416 1638 prae-

38 1658 167 1710 cepto
184 1683 195 1702 ,
225 1656 274 1690 111
297 1661 446 1690 uxores
466 1661 562 1688 suas
587 1644 798 1703 diligant,
825 1644 985 1703 adjecit
1004 1644 1248 1708 exemplum
1270 1662 1280 1689 :
1309 1665 1330 1685 t<
1353 1645 1418 1690 Si-

38 1737 60 1759 »
79 1727 155 1762 cut
179 1714 379 1759 Christus
398 1713 546 1757 dilexit
570 1712 821 1759 Ecclesiam.
846 1735 866 1754 »
887 1713 972 1758 Sed
993 1714 1107 1760 viros
1128 1725 1169 1759 et
1195 1732 1218 1760 a
1235 1731 1280 1759 re
1304 1713 1418 1759 infe-

39 1787 151 1833 riore
170 1786 426 1831 adhortatus
450 1793 515 1828 cst
530 1819 541 1839 ,
569 1783 615 1828 1(1
638 1794 723 1839 651,
748 1802 771 1829 a
794 1801 976 1847 corpore
995 1801 1071 1829 suo
1091 1804 1102 1838 3
1134 1802 1222 1830 non
1246 1795 1419 1830 tantum

41 1876 64 1903 a
85 1857 302 1920 superiore
320 1892 331 1911 ‚
358 1854 405 1900 id
425 1865 509 1910 est,
538 1872 561 1899 a
581 1855 768 1900 Domino
794 1872 886 1901 suo.
910 1856 1010 1901 Non,
1028 1856 1144 1900 enim
1162 1855 1301 1901 solum
1322 1856 1382 1900 ait
1405 1873 1416 1900 :

41 1949 62 1970 «
82 1927 196 1983 Viri,
218 1926 383 1985 diligite
400 1941 549 1970 uxores
560 1934 743 1980 vestras,
765 1925 930 1970 sicutet
956 1925 1156 1970 Christus
1174 1925 1321 1970 dilexit
1337 1926 1421 1970 ,136ν

43 2020 64 2041 »
83 1997 272 2052 clesiam,
295 2017 316 2037 >>
340 1994 459 2057 quod
475 2005 538 2039 est
554 2013 575 2039 a
597 1994 816 2057 superiore
839 1995 1151 2041 :verumetiam
1166 1994 1274 2040 dixit
1293 2012 1304 2039 ε
1328 1994 1422 2039 Viri

42 2089 63 2110 α
84 2067 245 2112 debent
269 2065 442 2124 diligere
470 2081 618 2108 uxores
649 2081 744 2108 suas
777 2064 890 2108 sicut
919 2081 1105 2126 corpora
1130 2080 1206 2109 sua
1224 2101 1235 2120 ‚
1257 2086 1278 2106 »
1303 2063 1424 2127 quod

43 2148 105 2184 est
133 2137 187 2182 al)
209 2134 409 2181 inferiore
436 2151 446 2178 :
478 2133 581 2196 quia
600 2143 641 2177 et
664 2133 886 2196 superiora
902 2143 944 2178 et
959 2133 1163 2179 inferiora
1183 2134 1300 2179 bona
1323 2144 1425 2179 sunt

45 2207 204 2253 onmia.
243 2206 333 2250 Nec
371 2215 517 2249 tamen
546 2202 700 2248 mulier
733 2221 755 2248 a
788 2219 969 2266 corpore
1004 2203 1073 2249 vel
1106 2220 1235 2248 carne
1255 2204 1426 2266 accepit

0 2274 1 2297 ³
45 2275 314 2338 exemplum,
343 2283 393 2318 ut
413 2273 474 2318 ita
497 2283 603 2317 esset
626 2272 802 2317 subdita
819 2273 915 2319 viro
930 2309 940 2328 ‚
965 2273 1077 2318 516111
1095 2272 1267 2336 spiritui
1288 2291 1387 2319 caro
1410 2291 1421 2317 ε

0 2529 2 2547 ι

0 2572 3 2596 Ι

44 2346 119 2393 sed
144 2356 217 2390 aut
240 2354 549 2407 consequenter
575 2343 808 2405 Apostolus
828 2342 1011 2402 intelligi
1028 2342 1193 2400 voluit,
1221 2343 1340 2406 quod
1360 2343 1426 2388 di-

47 2432 141 2462 cere
163 2413 444 2477 praetermisit
463 2432 474 2466 ;
499 2423 573 2458 aut
589 2412 699 2457 forte
718 2412 822 2475 quia
846 2429 953 2475 carq
974 2413 1248 2475 concupiscit
1270 2406 1428 2458 adver-

47 2503 116 2531 sus
148 2483 349 2546 spiritum
378 2483 423 2527 in
452 2483 585 2541 hujus
612 2483 714 2527 vitae
747 2483 1008 2528 mortalitate
1042 2494 1170 2545 atque
1189 2482 1423 2541 languore,

47 2555 145 2601 ideo
175 2553 228 2598 de
254 2551 327 2598 illa
349 2551 490 2597 noluit
522 2552 692 2598 mulieri
715 2552 959 2617 exemplum
988 2551 1268 2612 subjectionis
1294 2551 1426 2598 adhi-

98 2638 109 2660 1
128 2635 242 2679 Ephes.
257 2646 287 2674 v,
306 2645 360 2676 29.
