1758 3246
309 257 400 304 ⁴280
712 271 745 301 s,
789 269 1029 303 AUGUs‘rth
1065 272 1265 305 Episcort

305 339 424 385 cium
437 346 731 400 permanente.
755 337 1056 383 Generationis
1070 338 1214 402 itaque
1233 355 1362 385 causa
1374 340 1467 385 fieri
1484 343 1675 404 nuptias,

306 407 616 470 Apostolusita
633 407 751 453 testis
765 417 827 452 est
848 425 858 452 :
884 406 1040 463 «Volo,
1065 408 1207 470 inquit
1223 445 1233 464 ,
1249 409 1442 468 Juniores
1461 410 1638 457 nubere.
1661 432 1681 452 »

307 478 364 525 Et
386 477 509 541 quasi
523 477 562 524 ei
575 477 793 523 diceretur
811 495 822 521 ι
841 479 900 522 Ut
911 476 1048 539 quid?
1068 478 1275 523 continuo
1288 479 1500 538 subjecit:
1521 480 1684 525 «Filios

305 567 327 588 υ
348 564 601 610 procreare,
645 546 986 592 matresfamilias
1033 563 1120 592 esse
1145 546 1179 593 1.
1207 569 1226 588 »
1261 548 1329 593 Ad
1362 549 1495 594 fidem
1540 560 1684 595 autem

311 617 518 663 castitatis
528 617 639 663 illud
653 618 862 680 pertinet.
883 637 904 658 «
923 618 1039 661 Uxor
1052 634 1140 661 non
1161 618 1296 662 habet
1311 630 1569 681 potestatem
1589 637 1684 665 cor-

311 707 334 728 »
362 687 482 750 poris
501 687 591 743 sui,
613 687 687 732 sed
711 687 778 732 vir
799 703 810 730 ε
833 686 1029 731 similiter
1050 696 1091 730 et
1125 686 1192 731 vir
1215 703 1304 732 non
1330 688 1466 733 habet
1491 700 1684 751 potesta-

309 778 330 799 »
349 768 434 803 tem
457 758 655 820 corporis
679 757 767 812 sui,
797 756 869 801 sed
905 755 1058 801 mulier
1075 757 1109 803 2.
1134 777 1154 798 >³
1181 757 1247 802 Ad
1283 759 1538 804 sacramenti
1560 777 1690 805 sanc-
1749 771 1753 777 ’

316 828 481 872 titatem
510 826 653 872 illud:
679 827 894 871 «Uxorem
919 845 942 872 a
972 827 1067 872 viro
1108 843 1196 872 non
1218 827 1436 874 discedere
1453 866 1464 885 ,
1507 829 1627 891 quod
1656 829 1691 874 si
1750 831 1753 885 J

316 916 338 937 >›
363 896 620 950 discesserit,
640 914 813 941 manere
832 895 1082 959 innuptam,
1098 907 1173 942 aut
1186 897 1276 942 viro
1294 915 1370 942 suo
1389 898 1656 943 reconciliari
1676 914 1687 942 :
1751 893 1755 902 ’

313 986 336 1008 >2
360 975 402 1009 et
425 965 490 1009 vir
514 983 687 1010 uxorem
716 983 803 1010 non
828 965 1020 1011 dimittat
1045 967 1088 1010 ὃς
1111 988 1130 1007 >2
1152 967 1261 1012 Haec
1277 968 1420 1012 onmia
1440 967 1556 1012 bona
1570 977 1689 1023 sunt,
1752 983 1756 1006 ff

315 1044 498 1098 propter
518 1050 619 1097 quae
637 1036 807 1096 nuptiae
823 1036 954 1081 bona:
972 1046 1090 1092 sunt,
1118 1036 1279 1099 proles,
1306 1036 1430 1092 fides,
1454 1054 1693 1082 sacramen·
1753 1054 1756 1065 ’

1449 1099 1500 1107 ψῃ,
1503 1088 1706 1104 ,ὤμοσα-σενα»,
1756 1095 1758 1097 .

311 1160 420 1174 ’,υ-’.υ-

313 1117 424 1152 tum.
472 1106 561 1150 Nec
597 1104 767 1167 prolem
814 1115 959 1149 autem
994 1107 1212 1152 carnalem
1245 1111 1338 1166 jam
1376 1108 1462 1154 hoc
1501 1118 1694 1170 tempore
1754 1122 1756 1127 ⁸

315 1193 528 1241 quaerere,
547 1193 596 1221 ac
621 1193 699 1239 per
733 1175 821 1220 hoc
853 1175 909 1220 ab
952 1175 1069 1219 omni
1113 1176 1186 1220 tali
1218 1195 1347 1239 opere
1376 1179 1695 1225 immunitatem

318 1246 552 1311 quamdam
576 1256 832 1309 perpetuam
870 1245 1068 1300 retinere,
1109 1255 1235 1308 atque
1269 1246 1345 1291 uni
1384 1246 1478 1291 viro
1518 1247 1694 1292 Christo

319 1317 571 1380 spiritaliter
594 1316 742 1372 subdi,
769 1314 920 1360 melius
943 1326 1005 1360 est
1028 1316 1176 1379 utique
1195 1327 1236 1361 et
1256 1317 1472 1361 sanctius:
1501 1317 1534 1361 si
1556 1327 1694 1362 tamen
1756 1320 1758 1347 ἒ

317 1405 367 1433 ea
383 1387 608 1433 vacatione
627 1386 687 1431 sic
705 1395 882 1431 utantur
894 1385 1111 1440 homiues,
1139 1385 1360 1448 quomodo
1380 1387 1496 1449 scrip
1505 1396 1595 1431 tum
1614 1397 1693 1441 est,

322 1469 372 1503 ut
395 1457 587 1517 cogitent
607 1473 706 1519 quae
727 1466 827 1500 sunt
852 1455 1053 1510 Domini,
1073 1455 1294 1517 quomodo
1314 1456 1515 1518 placeant
1540 1457 1631 1501 Deo
1650 1455 1665 1484 [⁸
1683 1476 1695 1509 ς

319 1527 368 1573 id
385 1537 469 1582 est,
493 1536 542 1571 ut
569 1536 780 1588 perpetuo
822 1525 982 1584 cogitet
1005 1525 1297 1581 continentia,
1319 1543 1371 1570 ne
1406 1525 1514 1589 quid
1555 1526 1699 1571 minus
1757 1569 1758 1575 ,

321 1597 486 1643 habeat
510 1595 783 1640 obedientia:
806 1612 937 1658 (litam
958 1596 1164 1640 virtutem
1186 1606 1397 1658 tanquam
1432 1595 1666 1641 radicalem
1684 1632 1694 1650 ,

325 1677 460 1730 utque
485 1676 533 1711 ut
553 1665 640 1710 dici
657 1665 780 1719 solet,
801 1664 1045 1719 matricem,
1069 1676 1111 1710 et
1129 1665 1257 1727 plane
1279 1664 1538 1725 generalem,
1564 1665 1700 1710 sancti

323 1737 492 1800 antiqui
513 1736 715 1799 patrosin
738 1752 867 1798 opere
887 1746 1195 1788 exercueruut3
1214 1735 1332 1781 illam
1351 1752 1451 1781 vero
1471 1735 1702 1781 continen-

322 1808 428 1852 tiam
448 1807 493 1852 in
530 1806 663 1851 animi
684 1806 843 1851 habitu
868 1816 1109 1851 tenuerunt.
1143 1806 1239 1862 Qui·
1256 1805 1454 1869 profecto
1492 1822 1570 1868 per
1593 1805 1702 1850 obe-

320 1876 528 1922 dientiam
550 1893 636 1939 qua
665 1875 773 1934 justi
799 1885 842 1920 et
868 1876 1004 1920 sancti
1040 1886 1156 1920 erant
1176 1912 1187 1931 ,
1236 1885 1278 1920 et
1303 1875 1370 1919 ad
1419 1892 1550 1919 omne
1588 1891 1703 1936 opus

321 1947 492 1992 bonum
522 1963 691 2007 semper
715 1945 874 2007 parati,
900 1945 1067 1989 etiamsi
1101 1945 1156 1989 ab
1180 1944 1301 1989 omni
1336 1944 1577 1989 concubitu
1599 1945 1704 1989 abs-

322 2017 456 2061 tinere
466 2015 744 2074 juberentur,
762 2015 992 2060 essicerent.
1015 2015 1192 2070 Quanto
1213 2014 1328 2059 enim
1341 2013 1514 2060 facilius
1528 2024 1703 2077 possent

324 2085 392 2131 vel
409 2085 617 2145 jussione,
655 2084 723 2130 vel
751 2084 1049 2129 exhortatione
1072 2084 1153 2129 Dei
1177 2101 1265 2130 non
1290 2083 1600 2140 concumbere,
1627 2083 1706 2146 qui

322 2155 493 2220 prolem
515 2155 587 2200 cui
625 2154 701 2200 uni
725 2154 1028 2217 propagandae
1057 2153 1391 2200 concumbendo
1434 2153 1702 2210 serviebant,

327 2225 573 2272 obediendo
594 2236 798 2288 poterant
821 2225 1063 2271 immolare.

392 2297 605 2343 XXXIII.
645 2297 756 2352 Quae
784 2313 884 2341 cum
921 2296 980 2340 ita
1019 2296 1127 2351 sint,
1161 2294 1380 2340 haereticis
1412 2293 1592 2358 quidem
1618 2293 1707 2340 sive

328 2368 371 2413 M
380 2366 613 2422 anichaeis,
637 2366 723 2411 sive
745 2365 1010 2428 quicumque
1038 2365 1110 2410 alii
1133 2365 1335 2428 patribus
1358 2365 1522 2410 Veteris
1549 2364 1704 2408 Testa-

326 2436 462 2483 menti
504 2435 557 2481 de
600 2435 806 2499 pluribus
849 2435 1169 2481 calumniantur
1215 2435 1446 2490 uxoribus,
1488 2434 1576 2479 hoc
1620 2449 1707 2478 esse

334 2516 641 2568 argumentum
669 2505 950 2570 deputantes,
981 2522 1069 2570 quo
1090 2522 1240 2551 eorum
1263 2505 1527 2552 convincant
1553 2504 1709 2549 incon-

376 2591 419 2621 11
437 2589 521 2623 Tim.
542 2601 572 2630 v,
596 2595 647 2628 14.
662 2607 705 2614 —
723 2587 739 2611 ²
757 2599 775 2623 ι
796 2591 871 2624 Cor.
888 2600 947 2631 vu,
968 2593 1054 2628 4.-
1069 2585 1182 2622 31bid.
1201 2599 1380 2630 10,11.—
1398 2585 1509 2624 ⁴1bid.
1526 2587 1584 2623 32.
