1758 3246
293 313 388 368 541
723 323 759 355 s,
802 321 1043 354 Aueusrim
1081 322 1280 354 Eriscom

292 415 312 433 »
338 391 434 437 scio
467 388 579 434 enim
609 397 867 451 promptum
901 404 985 432 esse
1027 386 1219 432 animum
1249 396 1435 432 vestrum
1451 424 1463 444 ,
1504 387 1556 432 de
1578 403 1665 450 quo

296 459 499 520 »glorior
531 475 611 521 pro
639 457 764 503 vobis
797 456 915 520 apud
945 457 1228 511 Macedonas3
1265 457 1468 519 quoniam
1504 457 1666 503 Achaia

292 553 311 572 >)
335 540 483 593 parata
508 538 568 573 est
588 528 641 573 ab
665 544 776 572 anno
801 527 946 590 priore
965 563 975 582 ,
1007 537 1048 571 et
1081 544 1182 591 quae
1214 544 1260 571 ex
1286 527 1409 572 vohis
1437 538 1498 572 est
1525 544 1666 573 zemu-

293 624 312 643 »
336 600 438 646 latio
457 598 643 645 irritavit
660 598 816 661 plures,
855 597 1055 643 Misimus
1076 608 1216 642 autem
1241 597 1390 643 fratres
1405 635 1415 654 ‚
1450 615 1502 643 ne
1532 597 1665 657 gloria

293 693 313 712 ))
336 679 480 715 nostra
495 685 626 733 quam
651 667 862 713 habemus
873 668 918 712 in
936 667 1060 713 vobis
1076 704 1086 723 ,
1110 677 1343 713 evacuetur
1360 668 1405 712 in
1418 667 1502 713 hac
1522 678 1662 731 parte,

295 764 315 783 »
340 751 388 786 ut
403 778 413 796 ,
431 740 542 785 sicut
559 739 645 784 dixi
657 776 667 795 ‚
690 739 831 801 parati
850 738 940 783 sitis
958 755 968 782 z
988 755 1040 783 ne
1059 755 1159 784 cum
1176 739 1369 784 venerint
1384 755 1553 784 mecum
1567 739 1609 783 M
1617 756 1666 784 a-

293 835 314 855 »
339 810 546 866 cotiones,
591 820 633 854 et
669 809 911 854 invenerint
945 825 1022 854 vos
1051 808 1310 872 imperatos,
1346 808 1667 854 confundamur

294 905 315 925 ›>
333 898 410 928 nos
423 919 433 938 ,
455 891 504 926 ut
527 897 616 925 non
635 879 777 925 dicam
797 896 894 933 vos,
916 878 962 924 in
979 878 1067 924 hac
1087 878 1340 925 substantia.
1369 879 1667 924 Necessarium

296 975 315 997 »
336 969 433 1012 ergo
453 949 685 996 existimavi
712 966 860 1008 rogare
879 947 1050 1005 fratres,
1078 959 1126 994 ut
1147 949 1400 1012 praecedant
1424 949 1479 994 ad
1500 966 1575 995 vos
1592 986 1603 1006 ,
1624 960 1666 994 et

292 1046 312 1067 ))
331 1032 581 1088 praeparent
591 1020 855 1084 jampridem
869 1020 1170 1083 repromissam
1187 1021 1304 1065 hanc
1317 1019 1666 1066 benedictionem

292 1117 312 1138 >³
332 1104 536 1140 vestram.
564 1103 612 1137 ut
629 1092 685 1137 sit
701 1101 853 1154 parata
873 1128 883 1147 ‚
919 1091 978 1136 sic
1002 1091 1126 1154 quasi
1159 1090 1505 1136 benedictionem
1529 1128 1538 1147 ,
1577 1108 1667 1136 non

294 1189 315 1208 ³>
335 1164 456 1228 quasi
472 1162 708 1209 avaritiam.
724 1163 820 1207 Hoc
835 1172 976 1207 autem
992 1162 1104 1218 :Qui
1121 1179 1250 1224 parce
1264 1161 1461 1213 seminat,
1476 1178 1607 1224 parce
1626 1171 1667 1206 et

293 1260 314 1279 »
342 1246 494 1290 metet3
517 1245 557 1280 et
583 1234 658 1297 qui
686 1233 865 1278 seminat
885 1233 932 1278 in
948 1232 1274 1288 benedictione,
1302 1233 1347 1278 in
1363 1231 1667 1278 benedictione

297 1330 317 1349 ))
342 1317 382 1352 et
398 1315 541 1351 metet.
563 1303 867 1366 Unusquisque
880 1302 1117 1348 secundum
1131 1301 1250 1365 quod
1267 1302 1498 1365 proposuit
1515 1301 1662 1357 corde,

297 1400 316 1419 »
340 1394 428 1422 non
450 1393 495 1421 cx
520 1373 691 1419 tristitia
717 1383 791 1418 aut
817 1390 862 1418 ex
887 1373 1136 1418 necessitate
1161 1372 1371 1417 :hilarem
1397 1373 1511 1417 enim
1537 1371 1666 1417 dato-

296 1470 317 1490 »
341 1456 429 1493 rem
449 1444 591 1504 diligit
617 1442 778 1488 Deus'l.
806 1444 964 1487 Potens
987 1453 1048 1487 est
1065 1452 1207 1487 autem
1232 1442 1348 1487 Deus
1375 1458 1544 1487 omnem
1565 1459 1666 1502 gra-

297 1541 317 1560 »
343 1519 445 1564 tiam
467 1513 761 1560 abundantem
780 1513 918 1558 facere
935 1513 981 1558 in
998 1513 1137 1568 vohis,
1156 1512 1262 1558 utin
1281 1513 1484 1559 omnibus
1501 1530 1668 1576 semper

296 1610 317 1630 ))
341 1602 511 1633 omnem
532 1583 830 1629 sufficientiam
851 1583 1079 1638 habentes,
1102 1582 1330 1628 abundetis
1348 1583 1393 1628 in
1414 1600 1539 1629 omne
1557 1600 1667 1646 opus

298 1679 319 1698 ι)
338 1658 528 1709 bonum3
560 1654 672 1699 sicut
703 1653 1026 1716 scriptumest:
1049 1653 1275 1716 Dispersit‚
1308 1652 1428 1700 dedit
1456 1654 1666 1718 pauperi·-

298 1751 318 1771 »
339 1729 441 1783 bus,
454 1725 622 1786 justitia
639 1728 729 1784 ejus
743 1724 944 1769 manetin
963 1725 1215 1771 aeternum2.
1240 1725 1328 1781 Qui
1346 1735 1488 1770 autem
1503 1725 1666 1770 submi-

295 1822 315 1842 »
338 1799 491 1845 nistrat
514 1812 656 1841 semen
679 1794 923 1851 seminanti,
948 1805 990 1840 et
1012 1812 1168 1859 panem
1188 1795 1234 1840 in
1257 1811 1397 1841 escam
1429 1795 1666 1841 subminis-

295 1893 316 1913 »
343 1868 492 1921 trabit,
506 1877 548 1912 et
558 1865 871 1929 multiplicabit
885 1866 1211 1910 seminationem
1220 1876 1401 1911 vestram
1411 1903 1422 1921 ‚
1437 1876 1479 1911 et
1491 1866 1667 1926 augebit

295 1964 316 1983 »
341 1949 576 1986 crescentes
605 1936 746 1996 fruges
763 1936 946 1996 justitiae
970 1947 1140 1992 vestrae‚
1173 1947 1222 1981 ut
1246 1936 1292 1981 in
1312 1937 1514 1982 omnibus
1541 1937 1667 1983 ditati

297 2035 316 2054 >1
339 2012 384 2057 in
404 2026 575 2056 omnem
598 2007 938 2074 simplicitatem,
962 2024 1060 2070 quae
1079 2017 1282 2070 operatur
1303 2024 1381 2070 per
1402 2025 1480 2053 nos
1505 2007 1666 2068 gratia-

297 2106 317 2125 »
344 2099 441 2128 rum
475 2080 687 2125 actionem
722 2079 846 2123 Deo:
870 2078 1075 2140 quoniam
1111 2077 1391 2124 ministerium
1429 2077 1666 2125 functionis

299 2176 320 2197 »
340 2153 473 2211 hujus
489 2167 577 2195 non
603 2148 742 2194 solum
767 2148 940 2212 supplet
958 2165 1006 2193 ea
1028 2165 1126 2211 quae
1147 2147 1302 2193 desunt
1327 2149 1502 2205 sanctis,
1533 2149 1603 2195 sed
1625 2161 1667 2195 et

298 2247 319 2268 »
344 2220 564 2269 abundare
586 2219 692 2265 facit
709 2235 788 2282 per
807 2218 1046 2263 multorum
1063 2218 1299 2278 gratiarum
1319 2219 1529 2265 actionem
1552 2220 1661 2275 Deo,

298 2317 318 2338 »
341 2310 418 2357 per
429 2289 731 2355 probationem
744 2288 1066 2333 ministrationis
1081 2288 1158 2348 huj
1166 2305 1213 2334 us
1228 2288 1515 2348 glorificantes
1528 2290 1664 2335 Deum

296 2388 317 2408 >³
338 2366 383 2410 in
402 2360 607 2423 obsequio
625 2357 898 2404 confessionis
914 2369 1067 2404 vestrae
1096 2359 1141 2403 in
1169 2358 1449 2418 Evangelium
1479 2359 1660 2415 Christi,

297 2459 318 2479 »
341 2447 383 2481 et
407 2431 680 2495 simplicitate
703 2429 1106 2475 communicationis
1125 2429 1169 2474 in
1189 2429 1284 2474 illos
1307 2440 1348 2474 et
1373 2430 1416 2474 in
1434 2446 1598 2484 omneS‚
1625 2440 1665 2475 et

297 2530 318 2550 »
341 2507 387 2552 in
420 2504 616 2567 ipsorum
650 2499 896 2563 precatione
926 2517 1007 2562 pro
1041 2499 1182 2555 vobis,
1220 2498 1556 2546 desiderantium
1589 2517 1665 2546 vos

297 2599 318 2621 »
341 2584 522 2641 propter
548 2571 820 2619 excellentem
839 2570 1022 2630 gratiam
1046 2569 1126 2617 Dei
1144 2569 1190 2616 in
1208 2569 1347 2618 vobis
1373 2570 1545 2617 Gratias
1572 2572 1664 2618 Deo

343 2663 354 2685 ¹
374 2659 471 2694 Eccli.
491 2668 586 2698 xxxv,
608 2667 659 2689 11.
677 2674 719 2680 -
737 2653 752 2677 ²
769 2653 850 2688 Psal.
871 2664 941 2694 ext,
961 2665 992 2696 9.
