1758 3246
175 310 345 339 coxTuA
385 308 646 338 Mltxntffltjit
684 309 739 337 At>
776 308 1078 347 cxixsizx'riipu,
1122 311 1203 341 [ιιι.
1248 312 1273 341 1.
1351 298 1442 342 515

84 375 202 431 dici,
226 393 312 421 non
336 374 533 438 pejerari,
560 375 661 438 quia
684 390 763 451 per
788 372 1059 419 mendacium
1082 381 1311 438 Ρι]οι·ιιιιιι.
1339 380 1448 438 Quis

83 445 195 490 enim
217 462 295 508 per
320 445 540 491 xci-itatem
577 444 715 507 possit
740 460 825 489 0550
854 446 1076 505 perjtliffus
1067 449 1085 474 ³
1126 447 1197 492 Sic
1217 449 1344 495 etiam
1368 469 1446 528 per

80 515 302 561 veritatem
342 513 485 559 nullus
520 524 664 576 potest
697 530 783 558 0550
809 511 1103 575 blasphemus.
1156 516 1265 563 Sane
1300 521 1445 566 mitius

79 583 232 630 fulsum
251 588 394 644 jurat,
425 583 499 647 qui
519 583 672 629 falsum
693 581 828 628 nescit
850 598 961 636 0550,
988 593 1030 627 et
1048 600 1197 630 terum
1216 598 1344 649 putat
1361 607 1445 636 esse

79 654 196 719 quod
215 658 335 715 J‘urat
368 671 378 699 ε
410 654 521 699 sicut
543 664 584 699 et
605 653 759 699 Saulus
787 651 1072 698 excusabilius
1096 653 1441 719 blasphemavit,

79 725 179 789 quia
200 725 401 785 ignorans
423 722 576 769 fecit1.
608 722 709 768 Ideo
735 732 874 767 autem
905 726 1028 784 pejus
1055 733 1116 768 est
1140 724 1444 789 blasphemare

78 813 208 859 quam
221 799 426 859 pejerare,
437 794 640 858 quoniam
650 791 881 857 pejerando
889 791 1006 838 falsae
1016 794 1074 839 rei
1087 793 1138 839 ad
1148 794 1322 842 hibetur
1335 800 1448 845 testis

76 866 215 922 Deus,
241 860 587 928 blasphemando
612 875 754 909 autem
779 862 832 907 de
857 863 952 926 ipso
976 862 1080 908 falsa
1107 863 1314 912 dicuntur
1331 869 1434 916 Deo.

75 935 215 980 Tanto
229 945 290 980 est
304 945 450 980 autem
475 933 657 998 quisque
679 931 1009 978 inexcusabilior
1033 933 1118 979 sive
1141 939 1341 998 perjurus
1358 939 1444 985 sive

74 1004 380 1068 blasphemus,
406 1014 570 1068 quanto
595 1003 729 1063 magis
762 1021 807 1049 ea
834 1019 932 1066 quae
959 1004 1194 1065 pejerando
1223 1006 1290 1054 vel
1323 1008 1445 1054 blas-

73 1073 325 1138 phemando
343 1084 557 1126 asserunt,
576 1040 690 1119 ιἰὉιΙ5ιι
696 1082 909 1118 noverunt
921 1090 1004 1118 esse
1021 1073 1088 1119 vel
1102 1074 1298 1123 credunt.
1321 1077 1447 1134 Quis-

73 1145 169 1208 quis
190 1145 334 1222 itaque
360 1145 468 1190 dicit
488 1161 570 1208 pro
594 1143 879 1207 periclitantis
899 1142 1090 1189 hominis
1113 1144 1247 1192 salute
1270 1158 1443 1212 tempo-

70 1215 150 1261 ruli
172 1215 238 1261 xel
263 1215 348 1260 vita
368 1232 453 1260 0550
476 1213 790 1268 mentiendum,
808 1212 935 1258 nimis
956 1212 1048 1275 ipse
1074 1215 1129 1259 ab
1152 1215 1302 1262 itinere
1319 1235 1442 1263 exor-

70 1285 183 1330 bitat
201 1295 372 1330 aeternae
402 1284 549 1329 salutis
582 1294 623 1328 et
644 1283 768 1338 vitae,
806 1283 839 1327 si
872 1282 980 1328 dicit
1016 1283 1061 1328 in
1099 1301 1145 1329 ea
1166 1302 1293 1332 causa
1316 1288 1444 1333 etiam

62 1354 302 1414 Juranduin
320 1366 400 1418 per
425 1355 560 1399 Deum
581 1390 592 1408 ‚
618 1352 686 1398 vel
711 1351 840 1397 etiam
860 1351 1255 1415 blasphemandum
1284 1357 1435 1404 Deum.

133 1426 225 1471 XL.
269 1423 352 1469 Sed
369 1422 602 1488 aliquando
617 1421 743 1468 nobis
761 1421 896 1485 ipsius
908 1439 1084 1486 quoque
1105 1424 1252 1470 salutis
1271 1436 1442 1473 aeternae

66 1494 309 1559 periculum
331 1493 570 1557 opponitur
588 1530 599 1548 ‚
639 1491 757 1556 quod
792 1502 938 1537 nostro
963 1491 1217 1551 mendacio,
1251 1496 1285 1541 si
1318 1496 1438 1543 aliter

67 1582 155 1611 non
177 1575 347 1628 potest,
374 1563 678 1627 depellendum
708 1580 793 1608 esse
817 1561 1069 1608 clamatuiz
1095 1564 1214 1610 velut
1251 1566 1284 1611 si
1309 1568 1430 1630 quis-

65 1652 194 1700 quam
223 1634 512 1699 baptizandus
544 1635 590 1680 in
612 1643 821 1697 potestate
839 1633 889 1678 sit
919 1633 1153 1697 impiorum
1177 1646 1304 1700 atque
1327 1638 1432 1683 infi-

65 1706 226 1752 delium
250 1706 538 1761 constitutus,
566 1704 621 1750 ad
645 1720 774 1768 quem
800 1704 1017 1767 Ροιιοιιίιι
1039 1721 1123 1749 non
1148 1706 1282 1768 possit
1301 1719 1347 1752 ut
1364 1707 1433 1754 la-

63 1793 192 1823 ιιιειο
218 1775 546 1836 regenerationis
586 1773 816 1829 abluatur,
851 1773 932 1818 nisi
963 1773 1155 1837 deceptis
1184 1777 1429 1824 mentiendo

63 1847 333 1893 custodibus.
366 1846 433 1891 Ab
459 1845 544 1891 hoc
569 1844 898 1890 invidiosissimo
934 1843 1149 1900 clamore,
1188 1863 1275 1910 quo
1310 1849 1433 1909 cogi-

61 1935 160 1963 mur
185 1935 270 1963 non
305 1934 386 1980 pro
413 1920 672 1978 cujusquam
704 1915 863 1979 opibus
903 1914 971 1960 vel
998 1915 1239 1962 honoribus
1268 1918 1313 1964 in
1346 1919 1432 1966 hoc

60 1989 218 2036 saeculo
244 1987 662 2042 transcurrentibus,
704 2003 791 2030 non
819 2002 899 2048 pro
929 1985 1022 2048 ipsa
1057 1985 1190 2046 hujus
1222 1990 1426 2051 temporis

59 2061 147 2106 vita
170 2097 181 2115 ,
218 2058 291 2104 sed
312 2075 392 2121 pro
417 2067 575 2102 aeterna
600 2055 790 2101 hominis
813 2054 947 2100 salute
970 2055 1172 2111 mentiri,
1200 2073 1288 2120 quo
1316 2074 1425 2103 con-

56 2130 218 2191 fugiam
240 2168 251 2186 ,
278 2129 357 2174 nisi
391 2126 444 2172 ad
472 2137 509 2171 te
525 2163 535 2181 ‚
569 2124 765 2171 Veritas?
798 2126 854 2169 lit
877 2124 986 2170 mihi
1005 2125 1080 2170 abs
1104 2136 1144 2170 te
1161 2128 1425 2190 proponitur

56 2202 240 2248 castitas.
261 2200 352 2244 Cur
367 2197 478 2243 enim
493 2195 526 2240 si
540 2194 734 2241 custodes
753 2194 850 2250 isti,
872 2205 918 2240 ut
939 2211 1014 2239 nos
1033 2193 1087 2240 ad
1109 2194 1424 2259 baptizandum

54 2271 276 2318 hominem
297 2269 529 2315 admittant
551 2303 562 2322 ‚
598 2277 747 2329 stupro
772 2265 875 2312 illici
893 2277 1102 2330 possunt,
1133 2283 1221 2313 non
1242 2266 1423 2315 facimus

56 2341 272 2389 contraria
294 2337 480 2385 castitati
503 2375 514 2393 ‚
545 2347 586 2382 et
611 2337 645 2382 si
666 2336 891 2382 mendacio
912 2336 1056 2399 decipi
1078 2349 1282 2400 possunt,
1307 2337 1419 2385 faci—

53 2430 149 2459 mus
166 2411 381 2459 contraria
397 2409 592 2456 veritati?
618 2425 718 2453 cum
731 2407 887 2471 procul
900 2407 1036 2453 dubio
1061 2407 1170 2453 nulli
1192 2420 1296 2454 esset
1314 2410 1420 2457 fide-

52 2482 149 2530 liter
177 2480 373 2528 amabilis
398 2479 569 2526 castitas
587 2516 598 2535 ‚
637 2479 671 2524 si
702 2496 790 2524 non
818 2495 912 2523 eam
953 2478 1210 2542 praeciperet
1240 2482 1409 2531 veritas,

52 2552 242 2606 Proinde
267 2562 314 2598 ut
334 2551 612 2615 perveniatur
635 2548 690 2595 ad
718 2549 939 2596 hominem
963 2548 1304 2613 baptizandum,
1328 2553 1414 2600 fal-

102 2642 112 2659 ¹
138 2647 150 2667 1
172 2635 258 2667 Tim.
280 2646 304 2674 1,
326 2635 379 2666 15.

1199 2685 1274 2734 33.
