1758 3246
12 171 17 273 ί

10 310 13 331 ι
140 307 196 336 nn
232 307 330 337 rum
368 302 517 335 annun
553 301 652 338 (ἓως
690 301 782 332 NON
816 302 1062 343 vmmsruu,
1103 305 1188 335 mn.
1232 306 1264 337 1.
1345 308 1392 340 11

7 372 181 427 imerito
204 372 381 417 fortasse
400 367 560 423 dicitis,
587 366 708 429 quod
734 366 854 412 nulla
877 367 1002 414 vobis
1022 369 1304 417 ostendantur
1329 373 1402 418 in-

5 435 159 494 ldicia,
187 440 350 505 quibus
369 440 470 486 visis
482 437 666 483 credatis
680 437 808 482 etiam
829 436 903 483 illa
927 454 1028 501 quae
1051 456 1139 484 non
1160 440 1330 489 videtis.
1355 443 1403 489 Si

3 499 128 558 lvero
163 510 279 566 haec,
309 527 408 572 quae
427 508 603 562 vidctis,
631 517 671 552 et
693 507 818 566 longe
844 518 941 553 ante
967 508 1181 571 praedicta
1204 522 1319 567 sunt,
1358 523 1401 558 et

0 588 145 641 {tanta
175 580 516 626 manifestatione
551 578 855 641 complentur3
892 579 925 624 si
969 596 1009 624 se
1046 580 1140 642 ipsa
1169 582 1323 627 veritas
1357 592 1400 628 et

0 649 3 744 J
25 651 375 716 praecedentibus
402 650 528 697 vobis
553 659 593 693 et
630 649 992 712 consequentibus
1019 649 1209 696 declarat
1233 652 1400 698 effecti-

26 722 125 778 bus,
148 733 173 767 o
189 721 385 784 reliquiae
403 718 688 775 infidelitatis,
719 729 767 763 ut
786 718 969 765 credatis
989 736 1089 783 quae
1113 737 1203 766 non
1224 720 1398 779 videtis,

24 791 75 837 iis
98 791 335 837 erubescite
356 807 455 854 quae
477 789 646 835 videtis.

88 861 188 907 VII.
221 862 292 906 Me
310 859 532 915 attendite,
557 858 682 904 vobis
705 858 812 904 dicit
834 859 1026 906 Ecclesia
1045 879 1056 913 ;
1084 877 1151 906 me
1172 860 1396 914 attendite,

25 947 156 993 quam
183 930 355 984 videtis,
388 929 551 974 etiamsi
580 928 726 974 videre
746 929 905 975 nolitis.
940 930 1026 986 Qui
1053 931 1168 976 enim
1188 931 1402 994 tempori-

24 1000 107 1046 bus
134 1000 217 1046 illis
241 1001 285 1044 in
310 1000 333 1043 J
340 1000 464 1044 udaea
484 1009 595 1043 terra
620 999 766 1044 fideles
790 999 986 1057 fuerunt,
1015 1017 1061 1046 ex
1082 1001 1257 1060 Virgine
1281 1001 1401 1047 nati—

24 1070 199 1115 vitatem
252 1068 494 1114 mirabilem
520 1105 531 1123 ,
584 1085 633 1113 ac
674 1069 920 1130 passionem
944 1107 955 1125 ,
1005 1071 1362 1116 resurrectionem
1386 1108 1397 1126 ,

25 1139 312 1184 ascensionem
352 1138 518 1183 Christi
543 1175 553 1193 ‚
592 1138 737 1182 omnia
771 1137 921 1183 divina
952 1138 1070 1184 dicta
1099 1144 1190 1198 eJ'us
1222 1151 1264 1185 et
1288 1139 1403 1185 facta

23 1219 252 1272 praesentes
283 1208 514 1271 praesentia
544 1206 807 1253 didicerunt.
845 1207 954 1252 Haec
985 1225 1062 1255 vos
1087 1225 1176 1254 non
1203 1208 1399 1265 vidistis,

24 1288 254 1340 propterea
277 1277 450 1323 credere
473 1277 691 1322 recusatis
732 1278 846 1335 Ergo
870 1276 968 1322 haec
992 1278 1193 1340 aspicite,
1225 1279 1271 1322 in
1302 1278 1402 1323 haec

24 1347 260 1403 intendite,
304 1347 401 1392 haec
443 1363 542 1410 quae
580 1346 754 1391 cernitis
780 1345 992 1405 cogitate,
1031 1363 1130 1409 quae
1163 1347 1288 1392 vobis
1314 1364 1403 1392 non

23 1418 244 1481 praeterita
263 1427 510 1473 narrantur,
528 1434 605 1462 nec
618 1416 767 1461 futura
785 1417 1158 1479 praenuntiantur,
1190 1417 1263 1462 sed
1280 1435 1402 1480 prae-

24 1487 157 1533 sentia
183 1487 547 1533 demonstrantur.
586 1488 652 1532 An
679 1487 804 1532 vobis
842 1487 968 1532 inane
997 1487 1065 1533 vel
1092 1487 1183 1534 leve
1209 1487 1400 1544 videtur,

24 1568 65 1603 et
88 1557 257 1603 nullum
282 1558 347 1603 vel
368 1574 554 1620 parvum
577 1558 741 1619 putatis
770 1574 856 1602 esse
879 1557 1141 1603 miraculum
1172 1557 1370 1603 divinum
1388 1597 1400 1615 ,

24 1626 142 1690 quod
177 1627 224 1672 in
247 1627 420 1671 nomine
450 1627 577 1672 unius
605 1627 800 1671 crucifixi
832 1626 1079 1671 universum
1107 1644 1237 1686 genus
1264 1628 1404 1674 currit

25 1697 302 1742 humanum}>
336 1698 434 1741 ΜΠ
459 1695 625 1741 vidistis
655 1695 774 1759 quod
805 1695 1070 1757 praedictum
1101 1707 1142 1740 et
1172 1696 1403 1759 impletum

24 1777 87 1811 est
109 1765 163 1810 de
183 1765 374 1810 humana
399 1765 565 1810 Christi
589 1766 813 1811 nativitate
836 1785 847 1818 ;
877 1767 1027 1811 «Ecce
1050 1766 1172 1825 virgo
1201 1767 1246 1811 in
1279 1777 1402 1813 utero

25 1857 46 1878 »
69 1835 271 1898 accipiet,
298 1845 340 1880 et
361 1835 501 1898 pariet
525 1834 693 1880 filium1
713 1853 723 1880 ε
750 1856 770 1875 ))
794 1835 866 1880 sed
886 1835 1041 1881 videtis
1066 1836 1186 1899 quod
1206 1837 1401 1899 praedic-

26 1926 47 1947 >³
69 1916 162 1950 tum
189 1916 230 1950 et
253 1905 483 1968 impletum
507 1916 568 1951 est
598 1905 652 1950 ad
685 1906 910 1951 Abraham
951 1907 1027 1951 Dei
1060 1908 1245 1952 verbum
1267 1925 1278 1952 :
1301 1928 1321 1948 «
1350 1909 1403 1953 ln

28 1997 47 2017 ›>
65 1976 224 2020 semine
249 1986 324 2020 tuo
353 1975 667 2021 benedicentur
686 1992 831 2021 omnes
858 1977 1043 2035 gentes2.
1068 1977 1205 2022 »Non
1231 1977 1402 2023 vidistis

26 2045 143 2108 quod
165 2045 217 2090 de
235 2045 511 2091 mirabilibus
530 2046 697 2091 Christi
715 2046 979 2109 praedictum
1003 2057 1064 2091 est
1087 2064 1097 2091 t
1127 2068 1147 2088 c<
1161 2047 1331 2103 Venite,
1359 2058 1401 2092 et

26 2136 47 2156 »
66 2114 208 2160 videte
239 2132 371 2178 opera
391 2116 587 2172 Domini,
621 2133 721 2178 quae
753 2118 899 2179 posuit
929 2117 1131 2180 prodigia
1156 2133 1285 2181 super
1308 2127 1401 2162 ter-

26 2206 46 2226 »
69 2187 194 2230 ram³
215 2203 225 2229 :
248 2206 269 2226 »
295 2184 367 2230 sed
399 2185 553 2231 videtis
585 2186 705 2250 quod
735 2186 1002 2249 przedictum
1028 2198 1090 2232 est
1111 2205 1121 2232 ε
1152 2187 1401 2233 «Dominus

26 2276 47 2297 »
63 2254 169 2300 dixit
187 2254 241 2299 ad
268 2272 353 2311 me,
376 2255 507 2300 Filius
526 2273 644 2301 meus
662 2273 704 2301 es
724 2267 790 2313 tu,
808 2275 885 2317 ego
902 2257 1037 2303 hodie
1056 2259 1185 2318 genui
1207 2269 1249 2303 te
1269 2276 1280 2303 ε
1300 2275 1400 2321 pos-

27 2346 47 2367 »
66 2325 158 2370 tula
183 2343 206 2369 a
235 2341 320 2380 me,
359 2335 399 2369 et
429 2324 546 2371 dabo
578 2326 661 2371 tibi
686 2338 830 2386 gentes
855 2327 1154 2373 haereditatem
1184 2339 1331 2385 tuam,
1358 2339 1400 2373 et

27 2416 47 2437 »
71 2394 375 2459 possessionem
418 2406 536 2441 tuam
582 2398 786 2443 terminos
822 2409 946 2445 terrae
965 2399 999 2446 Δ.
1022 2420 1042 2440 »
1092 2400 1190 2445 Nou
1232 2398 1399 2444 vidistis

25 2465 144 2530 quod
169 2465 430 2527 praedictum
457 2477 517 2510 est
557 2477 599 2512 et
626 2468 857 2531 impletum
883 2469 935 2514 de
966 2469 1163 2532 passione
1194 2468 1358 2513 Christi
1381 2485 1394 2512 ε

27 2556 47 2577 «
71 2535 286 2580 Foderunt
304 2552 456 2581 manus
481 2554 595 2582 meas
629 2550 670 2583 ct
696 2538 826 2601 pedes
847 2557 982 2596 meos,
1015 2540 1399 2585 dinumeraverunt

76 2619 172 2650 ¹Isa‘1'.
187 2629 244 2655 vn,
259 2625 312 2654 14.
325 2636 369 2641 —
386 2617 402 2640 2
419 2622 499 2651 Gen.
516 2632 603 2660 xxm,
622 2623 673 2653 18.
694 2639 738 2647 -—
752 2619 766 2643 3
784 2622 866 2656 Psat.
882 2633 957 2660 xcv,
970 2634 1003 2663 9.
1018 2640 1062 2646 —
1084 2613 1099 2639 ⁴
1119 2620 1166 2653 Id.
1182 2632 1221 2660 11,
1242 2632 1272 2660 7,
1290 2622 1322 2653 8.
