1758 3246
326 289 416 336 268
743 304 777 332 ε.
820 299 1063 333 Aueusrim
1097 297 1303 332 muscom

322 385 401 432 per
417 367 504 413 1106
517 366 714 431 quamvis
729 378 1012 431 utrorumque
1024 367 1192 430 nuptiae
1203 402 1215 422 ,
1232 366 1278 410 in
1292 374 1504 428 quantum
1523 366 1690 429 nuptiae

322 447 447 494 sunt,
469 436 572 501 quia
594 437 851 501 procreandi
872 454 1000 483 causa
1022 447 1146 492 sunt,
1178 435 1400 498 aequaliter
1428 436 1558 481 bonae
1577 436 1688 491 sint;

322 507 372 553 hi
395 517 539 553 tamen
562 507 759 553 homines
789 507 1012 567 conjugati
1044 506 1128 551 illis
1164 505 1419 550 hominibus
1450 506 1692 565 conjugatis
1755 522 1758 565 3

320 592 409 622 non
435 587 535 622 sunt
555 576 854 640 comparandi.
888 576 1066 620 Habent
1088 574 1203 618 enim
1222 574 1292 618 isti
1309 573 1429 636 quod
1446 573 1530 619 illis
1549 591 1692 637 prop·
1755 578 1758 619 ἶ

318 657 383 692 ter
406 647 676 693 honestatem
695 647 949 709 nuptiarum
968 682 979 700 ‚
1007 644 1204 707 quamvis
1220 643 1275 688 ad
1295 644 1472 706 nuptias
1488 661 1577 689 non
1594 659 1692 707 per·

319 715 453 760 tineat
466 751 477 767 ‚
497 717 736 762 seeundum
752 716 922 762 veniam
940 714 1206 760 concedatur
1218 750 1230 769 ,
1250 712 1295 758 id
1313 722 1375 758 est
1388 749 1398 769 ‚
1420 730 1694 775 progressum
1756 706 1758 740 ³

318 784 445 831 illum
468 783 544 846 qui
568 782 733 827 excedit
764 784 997 841 generandi
1027 783 1347 837 necessitatem,
1377 782 1499 843 quod
1524 782 1588 827 illi
1606 799 1694 828 non
1757 781 1758 787 ¹

320 854 560 900 habebant.
592 851 678 898 Sed
702 868 840 915 neque
863 851 939 906 111,
967 849 1001 894 si
1021 850 1098 912 qui
1121 848 1230 894 forte
1254 865 1373 894 nunc
1391 850 1690 906 inveniuntur,

321 923 397 986 qui
419 940 507 968 non
525 932 730 985 quaerunt
749 921 795 966 in
813 919 1036 966 connubio
1060 935 1141 963 nec
1159 927 1395 982 appetunt,
1418 917 1499 962 nisi
1517 930 1696 982 propter
1756 974 1758 979 .

321 991 443 1054 quod
474 991 684 1036 institutae
715 1001 815 1035 sunt
837 989 1006 1052 nuptiae
1021 1025 1033 1044 ,
1059 988 1280 1050 coaequari
1302 998 1483 1050 possunt
1502 987 1588 1033 illis
1606 989 1694 1034 110-
1757 993 1758 998 ’

320 1062 524 1108 minibus.
550 1063 603 1106 In
618 1061 708 1107 istis
734 1061 848 1106 enim
870 1058 1041 1105 carnale
1062 1070 1125 1104 est
1140 1059 1285 1122 ipsum
1306 1057 1566 1104 desiderium
1584 1059 1695 1104 filio-

319 1145 442 1183 rum3
471 1129 517 1174 in
539 1129 622 1174 illis
649 1141 792 1174 autem
816 1128 1009 1192 spiritale
1028 1138 1147 1184 erat,
1172 1128 1276 1190 quia
1293 1138 1561 1172 sacramento
1581 1127 1696 1174 illius

322 1199 529 1262 temporis
558 1199 841 1259 congruebat.
879 1200 1007 1244 Nunc
1032 1198 1199 1261 quippe
1234 1197 1379 1242 nullus
1407 1197 1566 1260 pietate
1590 1215 1695 1260 pcr-

318 1268 456 1315 fectus
474 1268 585 1313 filios
603 1269 766 1312 habere
784 1268 865 1314 nisi
885 1268 1136 1330 spiritaliter
1152 1268 1312 1328 quaerit
1332 1285 1342 1311 :
1371 1277 1474 1312 tunc
1496 1284 1598 1313 vcro
1621 1268 1695 1330 ip-

319 1339 404 1384 sius
424 1338 595 1401 pietatis
613 1348 706 1382 erat
732 1337 926 1400 operatio
945 1373 956 1392 ,
989 1336 1120 1381 etiam
1147 1335 1378 1380 carnaliter
1402 1335 1514 1381 filios
1530 1354 1695 1400 propa-

319 1426 445 1469 gare3
466 1408 569 1471 quia
585 1408 700 1453 illius
718 1408 875 1471 populi
899 1407 1116 1467 generatio
1140 1406 1294 1452 nuntia
1309 1405 1559 1452 futurorum
1582 1418 1691 1464 erat,

319 1490 360 1526 et
384 1479 438 1524 ad
459 1478 825 1541 dispensationem
844 1477 1153 1541 propheticam
1172 1476 1430 1540 pertinebat.

383 1550 479 1595 XX.
516 1548 706 1611 Ideoque
735 1565 823 1593 non
849 1548 961 1592 sicut
992 1546 1181 1593 univiro
1212 1546 1340 1592 etiam
1368 1546 1513 1609 plures
1536 1546 1697 1594 habere

312 1621 472 1668 licebat
504 1635 675 1674 uxores,
702 1620 764 1663 ita
789 1618 866 1663 uni
890 1617 1084 1663 foeminae
1107 1617 1253 1680 plures
1282 1617 1415 1673 viros,
1456 1633 1536 1662 nec
1560 1617 1696 1680 prolis

313 1692 447 1755 ipsius
468 1707 595 1736 causa
611 1726 622 1745 ‚
646 1689 680 1734 si
703 1688 812 1734 forte
830 1688 903 1734 illa
922 1705 1072 1751 parere
1100 1698 1242 1751 posset
1259 1725 1270 1744 ,
1300 1686 1371 1732 1116
1391 1704 1591 1747 generare
1607 1705 1697 1733 non

316 1772 471 1828 posset.
507 1759 696 1807 Occulta
733 1759 848 1805 enim
872 1759 962 1819 lege
988 1770 1156 1804 naturae
1181 1769 1328 1804 amant
1355 1758 1697 1817 singularitatem

314 1850 416 1898 quae
438 1831 770 1895 principantur:
803 1830 998 1889 subjecta
1022 1846 1123 1876 vero
1142 1847 1230 1874 non
1246 1829 1387 1874 solum
1410 1828 1578 1888 singula
1603 1829 1697 1874 sin—

318 1903 452 1964 811115,
478 1901 552 1947 sed
577 1901 612 1945 si
644 1900 755 1945 ratio
782 1899 989 1946 naturalis
1013 1900 1080 1946 vel
1118 1899 1286 1945 socialis
1318 1898 1538 1954 admittit,
1568 1899 1698 1944 etiam

309 1973 440 2037 plura
460 1971 534 2016 uni
549 1987 636 2015 non
657 1970 745 2016 sine
769 1969 923 2015 decore
938 1969 1205 2016 subduntur.
1233 1970 1383 2032 Neque
1407 1967 1524 2013 enim
1540 1967 1601 2013 sic
1620 1968 1699 2014 ha-

311 2044 388 2089 bet
411 2058 522 2088 unus
545 2056 691 2086 servus
710 2039 856 2104 plures
893 2040 1118 2096 dominos,
1158 2038 1381 2103 quomodo
1417 2038 1564 2101 plures
1588 2039 1698 2085 servi

310 2130 448 2160 unum
471 2111 713 2156 dominum.
756 2112 825 2155 Ita
859 2110 1035 2157 duobus
1071 2127 1144 2156 seu
1166 2109 1370 2174 pluribus
1399 2108 1567 2154 maritis
1590 2108 1698 2155 vivis

310 2183 476 2231 nullam
500 2181 682 2240 legimus
714 2181 888 2226 servisse
914 2191 1160 2226 sanctarum
1178 2217 1189 2236 ‚
1210 2180 1356 2243 plures
1378 2189 1522 2224 autem
1547 2178 1698 2225 foemi-

307 2271 384 2299 nas
406 2251 586 2298 univiro
603 2250 784 2310 legimus
802 2249 840 2306 1,
868 2268 969 2296 611111
994 2252 1129 2311 gentis
1162 2250 1277 2296 illius
1301 2249 1480 2295 societas
1501 2249 1693 2307 sinebat,

307 2335 350 2370 et
388 2321 593 2384 temporis
617 2321 728 2366 ratio
743 2320 980 2366 suadebat:
1010 2338 1148 2384 neque
1179 2321 1294 2366 enim
1325 2330 1478 2366 contra
1497 2330 1697 2366 naturam

318 2393 573 2457 nuptiarum
597 2402 670 2437 est.
704 2391 855 2437 Plures
873 2393 987 2436 6111111
1011 2392 1206 2437 foeminae
1231 2392 1288 2437 ab
1316 2407 1403 2436 uno
1422 2390 1515 2431 viro
1549 2386 1696 2432 {betari

313 2473 520 2523 possuntt
541 2478 628 2506 una
646 2477 747 2507 vero
765 2479 788 2507 a
804 2460 1007 2524 pluribus
1039 2479 1127 2508 non
1147 2471 1288 2524 potest
1313 2478 1324 2504 ε
1353 2457 1476 2516 (haec
1497 2465 1559 2500 est
1573 2456 1693 2519 prin-

316 2531 534 2593 cipiorum
549 2531 667 2588 vis):
697 2532 810 2583 sicut
833 2531 984 2581 multae
1018 2533 1175 2582 animee
1199 2526 1277 2575 uni
1316 2526 1408 2579 Deo
1445 2536 1560 2580 recte
1582 2527 1693 2578 Sub-

366 2611 377 2637 1
395 2609 549 2655 Subaudc',
569 2608 716 2656 sertiffse.
