1758 3246
4 328 7 348 ὁ
61 329 362 360 ΕΝοῐιιπιηιοΝ
399 326 453 356 DE
490 323 608 364 rum,
639 325 712 354 SPE
749 324 802 354 Er
837 323 1103 365 ananATE,
1132 327 1217 358 Lm.
1262 328 1292 359 1.
1343 311 1428 359 153

59 394 374 457 peccabamus,
407 389 687 436 verumetiam
723 389 825 449 legis
857 391 1228 454 praevaricatoreS‚
1251 410 1352 440 cum
1389 392 1436 438 id

61 480 148 508 non
177 463 358 510 facimus
376 461 493 526 quod
515 459 780 513 f'aciendum,
820 461 888 507 vel
911 461 1092 506 facimus
1117 463 1235 524 quod
1261 481 1347 509 non
1370 463 1438 508 fa-

61 532 262 578 ciendum
288 549 374 577 esse
389 534 481 590 jam
505 530 677 575 scimus.
709 530 989 595 Quapropter
1012 548 1099 576 non
1119 530 1257 577 solum
1277 533 1309 577 si
1333 549 1440 595 pec-

60 602 252 648 cavimus
281 613 329 647 ut
357 601 576 661 ignoscat,
606 611 788 663 propter
821 601 941 665 quod
965 601 1151 646 dicimus
1175 619 1185 645 :
1215 622 1235 641 «
1259 602 1439 647 Dimitte

61 694 80 713 η
108 672 233 717 nobis
262 672 409 718 debita
429 681 573 716 nostra
595 707 605 726 ‚
633 671 744 715 sicut
769 682 810 716 et
834 689 910 717 nos
940 671 1200 717 dimittimus
1223 671 1438 717 debitori-

60 763 80 784 »
104 742 186 787 bus
223 741 430 793 nostris1;
460 762 479 781 ›>
522 741 801 786 verumetiam
846 759 897 786 ne
938 758 1168 804 peccemus
1207 752 1256 786 ut
1292 751 1434 801 regat,

57 821 238 875 propter
260 810 379 873 quod
402 809 614 854 dicimus:
635 832 655 850 c<
674 811 736 855 Ne
758 828 834 856 nos
853 811 1007 855 inferas
1026 812 1071 856 in
1097 812 1373 857 tentationem
1392 832 1402 865 3
1419 832 1439 851 »

57 879 126 926 ille
141 880 356 939 rogandus
374 889 451 934 est,
482 879 553 924 cui
574 879 737 925 dicitur
761 881 806 925 in
821 879 993 926 Psalmo
1019 898 1028 925 :
1059 903 1080 922 «
1098 881 1311 927 Dominus
1333 881 1438 927 iltu-

59 970 78 991 »
100 949 281 995 minatio
309 967 404 995 inea
428 960 468 994 et
500 949 610 994 salus
639 951 762 995 mea2
788 969 798 995 :
826 974 844 992 ›>
871 961 918 996 ut
942 951 1204 997 illuminatio
1240 952 1441 997 detrahat

55 1021 362 1081 ignorantiam,
381 1021 493 1066 salus
516 1022 828 1068 infirmitatem.
856 1024 967 1069 Nam
987 1034 1028 1068 et
1047 1023 1139 1087 ipsa
1158 1023 1436 1087 poenitentia,

56 1090 232 1155 quando
258 1090 390 1151 digna
414 1103 626 1136 causaest
657 1093 896 1137 secundum
928 1111 1094 1138 morem
1123 1094 1330 1139 Ecclesiae
1359 1109 1439 1138 cur

57 1172 223 1221 agatur,
258 1161 515 1225 plerumque
545 1162 797 1208 infirmitate
831 1181 919 1208 non
959 1164 1131 1223 agitur:
1157 1165 1259 1227 quia
1294 1175 1334 1209 et
1357 1180 1440 1226 pu-

57 1232 136 1279 dor
162 1233 293 1277 timor
322 1244 382 1276 est
407 1233 667 1294 displicendi
691 1268 700 1283 ,
739 1234 845 1275 dum
867 1235 968 1293 plus
998 1235 1183 1276 delectat
1207 1233 1438 1276 hominum

0 1334 1 1344 ι
56 1304 308 1350 existimatio
328 1320 457 1367 quam
485 1303 651 1363 justitia
677 1319 763 1366 qna
791 1319 831 1347 se
862 1303 1044 1366 quisque
1065 1303 1269 1348 humiliat
1288 1303 1440 1366 poeni-

0 1367 1 1392 ³
57 1373 201 1420 tendo.
234 1373 359 1419 Unde
387 1391 475 1418 non
495 1373 632 1418 solum
654 1389 754 1417 cum
781 1373 922 1430 agitur
947 1373 1225 1435 poenitentia,
1258 1390 1440 1418 verum-

55 1445 184 1490 etiam
210 1455 258 1490 ut
275 1455 443 1504 agatur,
466 1444 545 1489 Dei
566 1441 858 1489 misericordia
877 1443 1110 1488 necessaria
1130 1453 1204 1490 est.
1231 1443 1440 1507 Alioquin

56 1532 141 1560 non
159 1514 322 1560 diceret
348 1514 577 1577 Apostolus
598 1514 651 1558 de
674 1513 937 1575 quibusdam
963 1531 973 1557 z
1000 1535 1019 1553 <‹
1042 1513 1106 1558 Ne
1128 1512 1239 1558 forte
1260 1513 1333 1559 det
1351 1514 1437 1559 illis

58 1606 77 1625 >³
103 1586 218 1630 Deus
242 1583 591 1648 poenitentiam3.
621 1605 640 1624 ›>
664 1585 718 1627 lit
739 1595 787 1628 ut
810 1584 966 1628 Petrus
989 1600 1130 1628 amare
1157 1583 1295 1638 fleret,
1323 1600 1441 1647 prae-

56 1654 172 1699 misit
206 1654 492 1713 Evangelista,
533 1664 574 1698 et
604 1653 695 1698 ait:
727 1674 747 1692 «-
767 1653 971 1714 Respexit
994 1670 1093 1697 eum
1128 1652 1389 1699 Dominus&
1419 1674 1441 1694 »

57 1724 146 1780 Qui
168 1741 270 1768 vero
298 1723 344 1768 in
370 1723 560 1768 Ecclesia
587 1722 747 1767 remitti
778 1732 958 1784 peccata
991 1739 1079 1766 non
1105 1722 1300 1776 credens,
1328 1739 1441 1768 con-

57 1793 209 1839 temnit
231 1804 390 1839 tantam
414 1793 553 1838 divini
574 1793 763 1838 muneris
784 1792 1044 1852 largitatem,
1071 1803 1111 1838 et
1126 1793 1170 1837 in
1192 1793 1277 1839 hac
1298 1794 1440 1839 obsti—

57 1864 228 1910 natione
249 1864 402 1910 mentis
432 1862 545 1908 diem
564 1862 732 1908 claudit
753 1874 1007 1916 extremum,
1034 1880 1128 1908 reus
1157 1873 1218 1908 est
1241 1863 1317 1908 illo
1337 1863 1441 1908 irre-

57 1934 252 1980 missibili
277 1945 456 1998 peccato
488 1935 532 1979 in
560 1934 772 1997 Spiritum
802 1943 1018 1985 sanctum,
1047 1933 1090 1977 in
1126 1950 1214 1996 qno
1238 1933 1440 1978 Christus

55 2015 233 2068 peccata
254 2003 476 2050 dimittit5.
522 2005 584 2048 De
609 2021 694 2067 qua
722 2005 962 2067 quaestione
988 2002 1154 2048 difficili
1177 2003 1223 2048 in
1245 2003 1440 2066 quodam

55 2087 235 2139 propter
260 2076 348 2121 hoc
373 2075 512 2120 solum
543 2075 793 2138 conscripto
826 2074 975 2119 libello
1001 2072 1070 2135 (3)
1101 2073 1442 2119 enucleatissime

54 2156 262 2210 quantum
284 2146 411 2208 potui
433 2145 666 2207 disputavi.

119 2217 288 2262 XXIII.
329 2222 530 2263 Jamvero
565 2215 618 2259 de
659 2216 968 2260 resurrectione
1007 2214 1176 2269 carnis,
1213 2230 1302 2258 non
1329 2213 1440 2258 sicut

38 2285 231 2350 ,quidam
255 2285 515 2335 revixerunt,
538 2284 782 2347 iterumque
808 2294 911 2328 sunt
933 2283 1112 2335 mortui,
1137 2283 1209 2328 sed
1234 2283 1279 2328 in
1308 2293 1438 2328 ester-

55 2373 152 2401 nam
172 2356 324 2411 vitam,
345 2356 458 2401 sicut
477 2355 640 2400 Christi
665 2355 799 2418 ipsius
824 2372 923 2399 caro
948 2355 1194 2407 resurrexit,
1221 2352 1436 2417 quemad—-

55 2425 236 2470 modum
268 2426 429 2487 possim
450 2425 640 2471 breviter
666 2425 906 2488 disputare,
945 2435 985 2468 et
1004 2425 1208 2469 omnibus
1225 2423 1436 2486 quaestio-

57 2495 206 2550 nibus,
235 2511 333 2557 quae
373 2495 427 2540 de
467 2496 614 2540 haere
653 2495 816 2540 mox-eri
853 2494 1037 2540 assolent
1056 2493 1314 2548 satisfacere,
1352 2508 1441 2536 non

107 2583 116 2603 ¹
138 2581 254 2613 Manli.
273 2594 321 2619 vr,
341 2595 391 2614 12.
411 2603 453 2608 —
470 2582 485 2605 ⁸²
503 2585 579 2616 Psal.
598 2596 684 2619 xxvi,
706 2597 733 2615 r.
766 2604 805 2609 —-
827 2582 841 2607 3
861 2597 875 2615 2
896 2585 980 2616 Tim.
1006 2596 1046 2622 15,
1073 2584 1125 2614 23.
1148 2580 1224 2606 -4
1254 2585 1327 2615 tue.
1353 2594 1441 2617 xxm

59 2637 111 2664 61.
130 2652 174 2657 ——-
195 2632 208 2655 5
229 2635 347 2667 Mallh.
366 2647 430 2670 xix⁴
454 2639 501 2669 32,
