1758 3246
364 329 448 375 172
759 331 793 360 S.
836 329 1078 361 AUGUSTINI
1113 328 1314 359 EPISCOPI

351 391 463 439 dinis
480 394 560 439 Dei
575 411 706 457 quam
735 395 963 441 abscondit
992 395 1249 440 timentibus
1286 410 1345 447 se,
1370 393 1552 456 perfecit
1582 407 1725 443 autem

352 463 626 523 sperantibus
662 464 708 509 in
726 462 796 509 se1
818 501 830 519 ,
873 475 959 508 tam
983 463 1158 523 grandis
1182 473 1243 506 est
1263 480 1395 524 poena
1412 499 1422 517 ‚
1451 473 1498 508 ut
1532 464 1571 508 ei
1606 465 1726 511 nulla

348 533 515 592 possint
526 544 738 579 tormenta
752 549 850 595 quae
863 532 1061 578 novimus
1075 532 1337 593 comparari,
1349 533 1383 576 si
1395 532 1468 576 illa
1477 533 1530 578 sit
1543 543 1719 589 aeterna,

348 600 428 646 ista
445 614 589 648 autem
616 604 701 648 sint
724 601 967 663 quamlibet
1000 601 1149 645 multis
1170 599 1337 645 saeculis
1359 601 1500 660 longa.
1534 602 1726 648 Manebit

348 688 447 731 ergo
473 674 562 719 sine
598 674 682 718 fine
705 688 820 716 mors
843 670 916 716 illa
939 681 1151 733 perpetua
1191 669 1522 726 damnatorum,
1559 671 1604 716 id
1633 682 1720 729 est,

348 740 545 787 alienatio
598 759 621 787 a
649 742 737 787 vita
765 739 845 784 Dei
864 776 875 794 ‚
903 748 944 783 et
976 739 1182 784 omnibus
1212 738 1293 783 erit
1339 739 1433 801 ipsa
1457 741 1721 796 communis,

342 812 551 874 quaelibet
566 811 765 857 homines
784 809 837 855 de
856 809 1060 855 varietate
1080 825 1313 872 poenarum
1327 846 1338 864 ,
1362 809 1415 854 de
1438 809 1640 856 dolorum
1662 828 1725 856 re-

342 879 557 926 levatione
593 880 663 927 vel
698 879 1012 926 intermissione
1057 896 1139 942 pro
1175 879 1259 924 suis
1296 879 1499 924 humanis
1533 881 1724 926 motibus

342 951 643 1013 suspicentur:
685 951 798 996 sicut
829 950 1025 996 manebit
1070 950 1360 995 communiter
1407 951 1604 997 omnium
1636 952 1724 999 vita

346 1029 503 1066 aeterna
526 1030 773 1066 sanctorum
787 1056 798 1075 ‚
821 1019 1249 1081 qualibethonorum
1268 1019 1473 1065 distantia
1488 1020 1723 1066 concordi-

347 1100 415 1135 ter
436 1090 643 1150 fulgeant.
1757 1092 1758 1098 ¹

407 1161 548 1207 XXX.
581 1162 643 1206 Ex
665 1159 745 1205 ista
773 1159 894 1205 Fidei
916 1159 1202 1215 confessione,
1231 1177 1330 1222 quae
1353 1160 1544 1205 breviter
1590 1160 1723 1224 Sym-

343 1230 447 1276 bolo
482 1232 748 1285 continetur,
787 1241 830 1276 et
854 1231 1087 1276 carnaliter
1121 1230 1310 1289 cogitata
1340 1230 1408 1276 lac
1430 1231 1718 1293 parvulorum
1751 1250 1755 1293 j

341 1310 426 1355 est,
453 1301 705 1378 spiritalitei
726 1311 869 1345 autem
885 1300 1156 1345 considerata
1173 1309 1301 1362 itque
1321 1310 1358 1344 ti
1363 1310 1502 1345 s{ctata
1516 1299 1641 1345 cibus
1657 1311 1753 1347 est

340 1368 537 1425 fortium,
555 1371 746 1416 nascitur
768 1370 875 1445 Spes
892 1371 1009 1413 bona
1023 1369 1244 1420 fidelium,
1263 1369 1336 1414 cui
1360 1369 1561 1414 Chalitas
1574 1374 1751 1458 sanctas

341 1439 588 1486 comitatur.
608 1439 693 1484 Sed
705 1439 788 1483 de
777 1439 828 1483 iis
846 1455 914 1482 om
922 1438 1051 1483 nibus
1068 1454 1166 1500 quae
1181 1437 1365 1482 fideliter
1373 1449 1474 1484 sunt
1487 1438 1749 1495 credenda,

345 1524 393 1552 ea
408 1518 577 1553 tantum
599 1508 651 1553 ad
665 1524 783 1570 spem
800 1507 1020 1569 pertinent
1038 1523 1138 1569 quae
1150 1506 1601 1553 Or·1ti011el)ominica
1616 1496 1748 1557 con-i

340 1576 549 1624 tinentur.
579 1598 601 1618 «
617 1576 873 1622 Maledictus
893 1576 1008 1621 enim
1027 1576 1166 1621 omnis
1180 1612 1190 1630 ‚
1213 1576 1325 1621 sicut
1339 1576 1487 1622 divina
1514 1587 1723 1625 testantur
1742 1584 1746 1638 ξ

345 1667 367 1687 >›
384 1646 587 1710 Eloquia,
608 1647 686 1710 qui
710 1663 831 1709 spem
855 1646 981 1709 ponit
1001 1646 1046 1691 in
1065 1644 1285 1692 hominest.
1304 1667 1322 1687 υ
1344 1648 1406 1692 Ac
1426 1663 1503 1709 per
1520 1646 1607 1692 hoc
1624 1647 1720 1693 etin
1740 1656 1744 1708 ξ

340 1734 382 1761 se
397 1717 492 1779 ipso
508 1718 585 1780 qui
600 1735 720 1780 spem
734 1718 876 1780 ponit,
891 1717 1022 1776 hujus
1041 1716 1259 1762 maledicti
1279 1716 1713 1766 vinculoinnectitur.
1738 1718 1742 1782 j

342 1786 445 1832 Ideo
459 1804 548 1832 non
558 1788 639 1832 nisi
651 1787 874 1832 aDomino
894 1787 984 1832 Deo
991 1796 1139 1849 petere
1155 1786 1380 1842 dehemus,
1398 1786 1613 1849 quidquid
1625 1804 1717 1850 spe·
1736 1804 1755 1851 ,v

344 1872 489 1902 ramus
503 1874 580 1902 nos
596 1856 666 1902 vel
676 1857 785 1902 bene
797 1866 1050 1919 operaturos
1065 1855 1133 1901 vel
1146 1872 1227 1918 pro
1238 1856 1363 1900 bonis
1373 1856 1577 1919 operibus
1590 1856 1739 1933 adep·

342 1934 475 1971 turos.
493 1926 684 1971 Proinde
697 1926 817 1989 apud
830 1925 1134 1985 evangelistam
1148 1926 1189 1969 M
1199 1926 1411 1970 atthaeum
1430 1936 1593 1988 septem
1606 1923 1737 2004 peti·
1734 1960 1735 1963 ,

341 1995 476 2040 tiones
489 1996 708 2041 continere
722 1995 953 2041 Dominica
973 1996 1146 2041 videtur
1164 1996 1240 2042 Or
1233 1996 1344 2041 itio:
1373 2012 1561 2058 quarum
1579 1988 1758 2042 tribus-'-

341 2075 500 2110 aeterna
512 2077 774 2127 poscuntur,
802 2065 979 2127 reliquis
1001 2076 1208 2128 quatuor,
1239 2064 1514 2127 temporalia,
1542 2082 1644 2128 quae
1658 2068 1758 2114 ta-

340 2151 439 2180 men
462 2146 643 2198 propter
665 2146 822 2180 aetcrna
854 2134 1156 2197 consequenda
1176 2145 1278 2180 sunt
1304 2135 1555 2181 necessaria.
1605 2136 1731 2193 Νειῐιιξ

339 2204 460 2268 quod
473 2204 658 2251 dicimus
676 2223 686 2249 ε
704 2226 724 2246 (ι
737 2204 1042 2250 Sanctificetur
1059 2221 1217 2249 nomen
1234 2215 1375 2250 tuum.
1400 2204 1613 2250 Adveniat
1622 2204 1729 2265 reg-2¹}

341 2296 362 2317 >³
379 2291 486 2320 num
507 2286 648 2321 tuum.
690 2275 784 2320 Fiat
793 2275 995 2321 voluntas
1016 2284 1088 2320 tua
1103 2275 1216 2320 sicut
1232 2275 1277 2320 in
1296 2273 1409 2320 coelo
1428 2284 1470 2319 et
1484 2275 1530 2319 in
1541 2285 1668 2331 terra,
1694 2274 1727 2316 »ἰ

345 2345 493 2408 (quod
516 2363 604 2391 non
630 2345 813 2391 ibsurde
840 2345 1021 2408 quidam
1060 2345 1391 2400 intellexerunt,
1424 2345 1469 2390 in
1499 2344 1654 2407 spiritu
1675 2339 1755 2407 et?

342 2417 574 2479 corpore),
596 2415 772 2460 omnino
787 2416 875 2460 sine
889 2416 973 2460 fine
985 2414 1208 2460 retinenda
1225 2425 1348 2460 sunt.
1366 2425 1409 2459 et
1426 2414 1500 2458 hic
1512 2381 1725 2460 inchoata}

339 2496 742 2549 quantumcumque
763 2485 1040 2548 ploficimus,
1074 2496 1283 2544 mgentur
1295 2485 1341 2531 in
1363 2485 1513 2530 nobis·
1504 2474 1722 2547 wei-fecta?

340 2573 439 2600 vero
456 2555 640 2621 ‚'quod
632 2573 675 2602 ιι]
702 2555 782 2602 alia
809 2556 896 2601 vita
915 2556 1179 2619 speiandum
1197 2567 1284 2611 est
1328 2572 1497 2619 semper
1519 2554 1719 2623 posside-

384 2638 392 2658 ¹
419 2638 494 2669 Psai.
514 2649 586 2672 xxx.
607 2649 659 2672 20.
679 2656 724 2662 -—
742 2637 756 2660 ²
772 2641 891 2671 ,Tereum
916 2650 995 2670 xvrr.
1020 2639 1048 2668 5,
1068 2655 1110 2663 --
1126 2636 1140 2660 3
1155 2639 1271 2670 Manli.
1288 2650 1329 2671 η.
1347 2650 1439 2679 0-12.
1716 2634 1717 2654 ¹
