1758 3246
200 315 255 350 DE
292 315 405 350 (21an
444 313 649 350 GERENJJA
688 314 769 348 Plio
806 315 1019 360 Monruis,
1062 318 1148 352 1111.
1193 319 1221 353 1,
1331 304 1422 354 605

60 378 219 431 Verum
239 385 332 431 istae
353 380 628 431 auctoritates
650 400 737 430 non
772 382 858 430 hoc
885 382 1143 443 admonent,
1171 383 1288 451 quod
1322 388 1422 436 insit

58 454 171 500 nllus
194 454 476 502 cadaveribus
493 469 659 510 sensus,
688 452 760 500 sed
797 452 849 499 ad
871 454 949 499 Dei
974 455 1290 518 providentiam
1321 459 1422 522 (cui

55 525 230 588 placent
255 526 384 571 etiam
406 525 507 571 talia
526 525 698 588 pietatis
719 524 886 584 officia)
906 542 1089 588 corpora
1107 545 1281 592 quoque
1311 548 1425 576 11101·-

55 606 230 642 tuorum
254 597 468 659 pertinere
499 596 760 655 significant.
790 606 969 658 propter
992 596 1121 642 {idem
1146 601 1422 646 resurrectio-

54 666 118 712 nis
141 665 429 713 astruendam.
463 666 550 711 [bi
586 675 627 710 et
651 664 762 710 illud
802 665 1036 711 salubriter
1055 666 1232 724 dicitur,
1260 682 1421 732 quanta

52 736 187 798 possit
210 754 295 782 esse
314 735 600 782 remuneratio
617 751 699 797 pro
728 734 1006 798 eleemosynis
1023 773 1033 793 ‚
1059 754 1166 800 quas
1179 738 1425 786 viventibus

52 817 93 852 ct
105 807 388 854 sentientibus
409 806 685 861 exhibemus,
711 806 744 850 si
770 823 909 869 neque
928 806 1014 852 hoc
1031 807 1148 870 apud
1175 809 1314 855 Deum
1341 828 1422 874 pe-

60 878 133 933 rit,
154 876 481 941 quodexanimis
493 875 724 921 hominum
745 876 950 921 membris
962 876 1424 944 ossiciidiligentizeque

50 947 324 1011 persolvitur.
354 947 465 993 Sunt
488 945 665 1010 quidem
686 957 727 992 et
753 946 834 992 alia
853 963 952 1010 quae
975 948 1112 994 sancti
1150 950 1420 997 Patriarchae

47 1017 100 1063 dc
119 1018 378 1082 corporibus
419 1018 503 1063 suis
535 1016 602 1062 vel
638 1017 876 1063 condendis
906 1018 973 1064 vel
998 1020 1301 1067 transferendis
1320 1039 1419 1085 pro-

47 1088 224 1151 phetico
266 1088 431 1151 Spiritu
468 1087 585 1133 dicta
609 1086 791 1147 intelligi
825 1087 1120 1135 volueruntlz
1161 1109 1247 1137 non
1278 1103 1420 1138 autem

48 1158 121 1203 hic
142 1158 262 1204 locus
282 1169 343 1204 est
366 1169 412 1203 ut
430 1176 476 1203 ea
493 1168 806 1221 pertractemus
825 1196 834 1214 ‚
861 1176 961 1204 cum
987 1160 1203 1206 sufficiant
1225 1162 1303 1208 ista
1317 1180 1416 1227 quae

48 1227 246 1275 diximus.
278 1228 362 1274 Sed
388 1229 422 1274 si
439 1245 486 1274 ea
505 1245 605 1292 quae
642 1228 932 1274 sustentandis
956 1230 1202 1277 viventibus
1224 1243 1324 1278 sunt
1341 1251 1420 1278 ne-

48 1299 224 1345 cessaria
244 1337 256 1356 ,
295 1300 407 1345 sicut
440 1300 581 1345 victus
624 1310 665 1344 et
690 1299 896 1354 amictus,
933 1302 1131 1361 quamvis
1171 1318 1271 1346 cum
1300 1304 1418 1362 gravi

48 1369 276 1414 afflictione
300 1369 456 1424 desint,
493 1385 581 1413 11011
606 1368 813 1426 frangunt
831 1367 876 1412 in
900 1368 1026 1413 bonis
1046 1369 1288 1432 perferendi
1311 1373 1419 1419 tole—

48 1438 259 1502 randique
284 1439 505 1494 virtutem,
528 1455 607 1484 nec
620 1437 843 1483 eradicant
860 1455 907 1483 ex
931 1439 1074 1485 animo
1096 1441 1324 1503 pietatem,
1346 1445 1419 1490 sed

49 1509 498 1556 exercitatamfaciunt
516 1509 859 1555 foecundiorem:
888 1521 1053 1573 quanto
1079 1514 1213 1573 magis
1233 1516 1417 1562 cumde-

49 1591 149 1626 sunt
171 1598 218 1627 ea
239 1597 338 1644 quae
358 1579 559 1626 curandis
574 1579 804 1625 funeribus
823 1579 1145 1645 condendisque
1162 1586 1421 1648 corporibus

50 1651 355 1698 defunctorum
379 1651 583 1696 adhiberi
605 1650 767 1707 solent,
812 1668 900 1697 non
933 1651 1126 1698 efficiunt
1162 1656 1337 1701 miseros
1375 1657 1419 1702 in

50 1722 231 1768 occultis
273 1722 447 1785 piorum
489 1720 663 1767 sedibus
709 1724 802 1780 jam
851 1722 1031 1784 quieto&
1074 1725 1137 1769 Ac
1182 1744 1260 1788 per
1299 1727 1385 1773 hoc
1404 1765 1415 1784 ‚

50 1792 226 1856 quando
263 1792 342 1837 ista
369 1791 652 1837 cadaveribus
690 1790 1041 1837 Christianorum
1067 1793 1113 1838 in
1138 1794 1211 1840 illa
1243 1814 1411 1857 niagnae

49 1861 272 1919 u1·bis‚vel
295 1862 423 1907 etiam
441 1860 622 1907 aliorum
638 1860 905 1923 oppidorum
923 1863 1158 1909 vastatione
1172 1865 1418 1925 defuerunt,

50 1950 129 1979 nec
145 1933 345 1980 vivorum
368 1931 499 1995 culpa
519 1941 580 1978 est
598 1969 608 1987 ,
629 1932 705 1995 qui
726 1949 813 1977 non
838 1943 1076 1996 potuerunt
1093 1934 1173 1980 ista
1197 1938 1417 1999 preebei·e;

50 2021 130 2050 nec
167 2014 438 2049 mortuorum
461 2019 595 2066 poena
612 2039 622 2058 ‚
661 2002 736 2065 qui
769 2019 855 2047 non
890 2014 1124 2066 potuerunt
1146 2005 1226 2052 ista
1247 2009 1412 2056 sentire.

53 2074 162 2120 Haec
180 2085 241 2120 est
256 2091 349 2120 mea
365 2073 418 2119 de
443 2073 678 2136 sepulturae
696 2089 824 2118 causa
847 2084 975 2138 atque
1012 2075 1173 2121 ratione
1197 2080 1418 2126 sententia.

52 2146 196 2203 Quam
225 2155 455 2209 propterea
479 2162 525 2189 ex
550 2143 633 2190 alio
671 2143 784 2189 libro
823 2162 915 2190 meo
956 2145 1002 2190 in
1024 2146 1155 2192 istum
1198 2150 1420 2207 transtuli,

50 2217 153 2280 quia
183 2216 350 2262 facilius
372 2216 457 2261 hoc
490 2234 512 2261 a
558 2232 624 2260 me
652 2216 860 2261 recenseri
883 2216 1045 2279 potuit,
1080 2235 1211 2280 quam
1234 2219 1425 2284 idipsum

53 2286 137 2333 alio
161 2286 293 2332 modo
328 2286 622 2350 eloquendum
656 2285 752 2332 fuit.

116 2357 191 2402 Vl.
234 2356 367 2413 Quod
389 2358 423 2402 si
448 2373 598 2402 verum
618 2366 696 2413 est,
722 2356 915 2419 profecto
940 2357 1068 2402 etiam
1092 2359 1290 2421 provisus
1310 2379 1426 2425 sepe-

51 2425 205 2472 liendis
246 2427 506 2488 corporibus
549 2426 666 2488 apud
714 2427 942 2471 memorias
983 2428 1245 2475 Sanctorum
1285 2431 1424 2481 locus,

53 2499 183 2543 bonae
216 2496 448 2541 affectionis
474 2495 680 2541 humanae
709 2507 769 2541 cst
798 2513 897 2556 erga
919 2497 1069 2543 funera
1091 2516 1295 2547 suorum:
1316 2520 1430 2566 quo-

53 2568 170 2613 niam
199 2566 233 2612 si
261 2565 470 2612 nonnulla
502 2565 650 2624 religio
681 2577 741 2611 est
776 2577 823 2612 ut
856 2566 1133 2630 sepeliantur,
1171 2588 1257 2616 11011
1293 2583 1434 2636 potest

105 2650 115 2671 ¹
141 2650 224 2682 Geu.
242 2656 347 2692 :tm-u,
366 2650 419 2680 50.
