1758 3246
313 323 371 385 78
727 336 762 367 S.
804 337 1046 367 Aucusrim
1082 338 1284 369 Er1scorl

307 408 473 451 fitentes
490 401 779 447 admittuntur
797 400 850 445 ad
877 401 1145 464 baptismum
1161 439 1171 454 ,
1205 401 1319 447 nihil
1351 399 1525 445 videtur
1555 399 1673 446 aliud
1736 430 1739 441 ι

306 470 563 536 praedicari,
583 469 665 514 nisi
694 468 976 514 fornicatores
995 481 1036 515 et
1068 471 1283 516 adulteros
1313 471 1442 515 etiam
1471 486 1605 532 usque
1628 471 1673 515 in

303 543 406 589 vitae
434 541 566 600 hujus
595 539 726 583 finem
755 538 800 582 in
835 554 883 582 ea
913 539 1105 600 nequitia
1134 549 1433 602 permanentes
1452 575 1462 589 ,
1492 555 1674 597 regnum
1738 542 1740 591 ξ

304 612 384 657 Dei
405 623 693 674 possessuros.
721 617 763 650 et
784 606 936 651 merito
956 607 1078 663 fidei,
1102 625 1200 671 quae
1224 609 1311 653 sine
1333 608 1539 669 operibus
1560 625 1673 653 mor-
1738 619 1758 666 ζ.

304 693 378 727 tua
406 691 494 736 est,
533 678 589 724 ad
617 677 754 722 vitam
789 686 993 722 aeternam
1025 677 1294 740 salutemque
1314 687 1530 723 venturos.
1566 678 1673 723 Haec

302 762 402 798 sunt
419 749 533 796 mala
549 748 656 793 retia
671 783 682 802 ,
704 762 804 808 quae
820 763 970 792 cavere
987 747 1148 793 debent
1164 748 1385 811 praecipue
1404 747 1637 810 piscatores
1657 764 1669 792 ι

301 822 334 866 si
360 831 503 865 tamen
528 817 602 862 illa
623 815 869 874 evangelica
889 816 1171 862 similitudine
1193 817 1426 879 piscatores
1450 816 1668 878 episcopi,

300 890 368 936 vel
396 886 607 933 inferioris
635 883 797 930 ordinis
831 884 1121 930 Ecclesiarum
1140 885 1367 948 praepositi
1403 884 1672 943 intelligendi

301 969 401 1005 sunt
420 977 431 1011 3
457 956 561 1019 quia
585 954 753 999 dictum
776 962 838 996 est
861 970 872 996 ι
901 973 923 994 «
941 954 1091 1000 Venite
1105 990 1117 1010 ‚
1146 965 1188 999 et
1209 953 1366 999 faciam
1381 969 1457 998 vos
1476 953 1671 1016 piscato-

298 1049 321 1071 »
338 1045 402 1074 res
415 1022 687 1072 hominum1.
705 1042 725 1062 >³
741 1021 926 1067 Retibus
943 1023 1057 1068 enim
1076 1024 1203 1068 bonis
1219 1023 1316 1085 capi
1333 1033 1514 1085 possunt
1533 1023 1671 1085 pisces

298 1109 340 1144 et
360 1096 468 1143 boni
489 1104 531 1139 et
558 1091 690 1144 mali3
720 1090 886 1135 retibus
914 1101 1056 1136 autem
1084 1091 1207 1137 malis
1237 1091 1337 1154 capi
1369 1108 1457 1136 non
1491 1102 1673 1153 possunt

297 1169 435 1232 pisces
451 1163 572 1210 boni.
611 1159 832 1217 Quoniam
855 1159 901 1204 in
926 1159 1125 1206 doctrina
1155 1161 1272 1205 bona
1301 1170 1343 1204 et
1365 1159 1506 1204 bonus
1529 1170 1670 1222 potest

297 1253 383 1282 esse
398 1234 475 1298 qui
492 1231 614 1278 audit
631 1240 674 1275 et
697 1229 818 1285 facit,
840 1239 882 1273 et
904 1229 1044 1274 malus
1063 1230 1139 1292 qui
1157 1229 1280 1275 audit
1297 1239 1339 1273 et
1357 1245 1445 1273 non
1468 1227 1573 1273 facit
1594 1244 1604 1273 :
1625 1230 1670 1274 in

296 1305 496 1352 doctrina
518 1316 619 1347 vero
642 1298 780 1352 mala,
803 1308 844 1342 et
860 1298 937 1360 qui
958 1315 1053 1344 eam
1070 1315 1214 1345 Veram
1235 1307 1363 1361 putat
1377 1334 1388 1353 ‚
1413 1297 1613 1359 quamvis
1631 1298 1669 1342 ei

295 1393 383 1422 non
407 1373 694 1434 obtemperet,
714 1366 851 1412 malus
874 1378 959 1422 est;
980 1378 1022 1412 et
1045 1368 1121 1430 qui
1139 1368 1428 1429 obtemperat,
1448 1369 1571 1428 pejor
1586 1377 1660 1413 est.

360 1442 571 1491 XXXIII.
613 1437 729 1483 Illud
760 1454 860 1482 sane
893 1438 1092 1483 mirabile
1127 1448 1188 1483 est
1205 1475 1215 1493 ,
1256 1436 1375 1500 quod
1407 1435 1558 1481 fratres
1593 1437 1668 1498 qui

295 1514 418 1561 aliter
440 1510 638 1574 sapiunt,
664 1523 765 1551 cum
793 1505 980 1550 debeant
1000 1507 1056 1551 ab
1078 1507 1158 1552 ista
1180 1506 1247 1552 vel
1272 1522 1384 1551 nova
1406 1504 1474 1551 vel
1497 1515 1637 1550 vetere
1652 1541 1663 1560 ‚

292 1582 535 1646 perniciosa
552 1589 697 1623 tamen
716 1574 920 1637 opinione
944 1575 1163 1621 discedere
1177 1610 1186 1628 ‚
1213 1575 1297 1637 ipsi
1318 1575 1494 1637 insuper
1512 1573 1667 1619 dicunt

290 1668 448 1699 novam
472 1665 558 1694 esse
593 1644 863 1699 doctrinam,
894 1661 977 1706 qua
1004 1644 1253 1708 nequissimi
1278 1643 1476 1688 homines
1506 1643 1552 1688 in
1582 1643 1667 1688 suis

290 1720 464 1780 flagitiis
494 1735 535 1764 se
570 1724 914 1780 perseveraturos
943 1716 988 1760 in
1023 1714 1258 1778 propatulo
1288 1714 1543 1776 profitentes
1577 1730 1665 1758 non

288 1790 580 1836 admittuntur
603 1785 658 1831 ad
690 1784 995 1847 baptismum:
1030 1786 1154 1848 quasi
1185 1785 1329 1829 nescio
1355 1783 1433 1829 ubi
1466 1783 1664 1845 peregri-

289 1870 468 1914 nentur,
490 1855 667 1920 quando
697 1854 942 1899 meretrices
961 1866 1002 1900 et
1020 1854 1251 1900 histriones
1271 1889 1282 1909 ‚
1309 1863 1351 1897 et
1380 1852 1567 1916 quilibet
1591 1852 1664 1897 alii

286 1932 479 1996 publicae
501 1926 788 1991 turpitudinis
810 1926 1068 1988 professores
1086 1964 1097 1983 ‚
1118 1926 1200 1971 nisi
1220 1924 1369 1969 solutis
1391 1933 1466 1969 aut
1483 1923 1662 1986 disrup—

289 2002 341 2046 tis
360 2000 519 2045 talibus
541 1996 749 2051 vinculis,
789 1995 844 2040 ad
876 1996 1114 2041 christiana
1145 2003 1415 2040 sacramenta
1439 2010 1529 2038 non
1555 2010 1660 2055 per-

285 2072 520 2117 mittuntur
550 2066 750 2113 accedere
772 2082 782 2109 ε
807 2065 882 2128 qui
908 2066 1059 2128 utique
1087 2064 1327 2110 secundum
1353 2064 1534 2108 istorum
1561 2080 1660 2108 sen-

285 2141 464 2186 tentiam
486 2153 631 2183 onmes
648 2135 975 2181 admitterentur
987 2173 998 2192 ,
1020 2135 1101 2180 nisi
1122 2134 1351 2196 antiquum
1369 2143 1411 2178 et
1429 2132 1660 2178 robustum

284 2226 448 2256 morem
471 2217 618 2253 sancta
642 2204 833 2250 Ecclesia
857 2205 1078 2261 retineret,
1102 2221 1149 2249 ex
1172 2204 1245 2248 illa
1268 2202 1432 2248 scilicet
1450 2201 1659 2265 liquidis-

285 2279 391 2327 sima
408 2279 586 2325 veritate
604 2275 846 2321 venientem
862 2312 872 2331 ,
897 2292 983 2337 qua
1008 2285 1175 2320 certum
1199 2273 1335 2318 habet
1356 2290 1367 2316 ι
1397 2292 1418 2313 ι(
1438 2271 1656 2327 Quoniam

283 2372 304 2393 »
321 2349 396 2413 qui
409 2348 509 2393 talia
529 2356 677 2406 agunt,
699 2361 878 2404 regnum
898 2346 977 2390 Dei
995 2362 1083 2390 non
1100 2343 1385 2407 possidebunt
1396 2342 1427 2387 2.
1456 2362 1477 2382 ³>
1496 2343 1553 2386 Et
1572 2341 1655 2386 nisi

284 2419 447 2480 egerint
468 2418 523 2463 ab
543 2416 612 2461 his
645 2415 826 2460 mortuis
851 2416 1057 2478 operibus
1090 2412 1396 2477 poenitentiam
1411 2448 1421 2467 ‚
1450 2410 1654 2456 accedere

284 2489 338 2535 ad
359 2487 623 2551 baptismum
642 2501 730 2530 non
753 2484 954 2529 sinuntur
975 2502 985 2528 :
1006 2484 1040 2528 si
1065 2493 1207 2528 autem
1229 2480 1547 2543 subrepserint,
1568 2479 1651 2525 nisi

283 2557 350 2608 vel
368 2567 516 2622 postea
535 2555 694 2602 mutati
712 2554 928 2614 egerint-³,
960 2553 1067 2599 salvi
1093 2568 1179 2598 esse
1210 2567 1299 2597 non
1331 2559 1524 2614 possunt.
1567 2547 1652 2594 Sed

333 2642 344 2667 ¹
359 2641 476 2676 Matth.
490 2652 533 2682 w,
553 2651 605 2685 ¹9·
618 2657 662 2666 —
675 2638 691 2664 ²
704 2639 808 2673 Galat.
827 2650 856 2679 ν,
877 2650 932 2681 21,
950 2643 981 2672 et
1000 2650 1012 2670 1
1032 2639 1106 2670 Cor.
1122 2646 1170 2678 vt,
1188 2646 1238 2669 10.
1250 2651 1296 2660 —
1313 2631 1328 2659 3
1344 2634 1476 2678 Supple‚
1493 2631 1650 2678 poeniten-

285 2697 373 2736 tiam.
