1758 3246
360 332 415 362 DE
452 330 745 361 D1V1x1tT10N13
783 329 1035 369 nmmum,
1077 330 1161 359 tin.
1207 330 1234 360 1.
1405 312 1496 375 597

133 395 339 459 »placuit
374 396 463 440 Deo
496 412 573 457 per
597 393 820 439 stultitiam
846 393 1170 456 praedicationis
1198 393 1335 439 salvos
1362 392 1500 439 facere

135 486 155 506 »
176 465 409 511 credentes.
455 465 669 521 Quoniam
706 463 882 527 quidem
917 462 1060 507 Judaei
1095 463 1212 521 signa
1246 473 1432 525 petunt,
1459 473 1501 508 et

135 557 155 576 »
176 534 319 580 Graeci
353 534 607 597 sapientiam
641 543 843 597 quaerunt
873 550 883 577 z
924 549 1000 577 nos
1038 542 1179 577 autem
1210 532 1501 594 praedicamus

137 627 156 646 »
178 604 403 650 Christum
425 604 699 660 crucifixum,
722 604 747 648 J
752 603 887 649 udaeis
905 601 1080 665 quidem
1099 601 1368 657 scandalum,
1389 603 1501 648 Gen-

137 674 291 720 »tibus
326 686 472 720 autem
509 674 761 730 stultitiam,
802 673 904 736 ipsis
939 689 1040 718 vero
1068 672 1232 719 vocatis
1266 671 1430 718 Judaeis
1463 683 1504 717 et

138 767 159 787 »
182 745 371 801 Graecis,
401 746 627 791 Christum
665 745 744 790 Dei
784 745 988 790 virtutem
1029 754 1070 788 et
1111 742 1191 787 Dei
1228 742 1497 805 sapientiam.

139 837 159 857 »
181 815 400 871 Quoniam
423 816 542 879 quod
563 816 741 861 stultum
767 825 828 860 est
852 814 957 870 Dei,
978 813 1210 876 sapientius
1227 823 1288 858 est
1310 812 1506 857 homini-

140 908 160 927 »
180 885 287 938 bus3
305 896 347 930 et
366 885 484 948 quod
498 886 720 931 infirmum
738 895 799 931 est
818 884 914 940 Dei,
931 882 1084 929 fortius
1100 893 1162 929 est
1175 880 1467 928 hominibus1.
1487 903 1508 923 »

139 955 353 1001 Irrideant
378 973 502 1016 erg0‚
526 967 738 1020 quantum
762 966 967 1019 possunt,
1004 965 1211 1017 tanquam
1246 953 1508 1017 imperitiam

140 1036 182 1071 et
203 1025 430 1070 stultitiam
452 1037 640 1072 nostram
659 1065 669 1083 ‚
692 1038 734 1072 et
750 1030 917 1086 jactent
935 1025 1178 1070 doctrinam
1195 1035 1236 1070 et
1252 1024 1507 1088 sapientiam

142 1112 276 1141 suam.
306 1095 420 1141 Illud
438 1097 525 1141 scio
544 1134 554 1152 ‚
579 1097 697 1160 quod
715 1097 782 1142 isti
799 1096 989 1141 irrisores
1016 1096 1149 1141 nostri
1165 1095 1391 1159 pauciores
1410 1104 1512 1140 sunt

142 1168 228 1212 hoc
250 1183 362 1212 anno
381 1204 392 1223 ‚
422 1184 555 1230 quam
575 1168 752 1213 fuerunt
773 1167 917 1230 priore
942 1184 1068 1213 anno.
1107 1168 1168 1212 Ex
1191 1184 1278 1230 quo
1296 1167 1409 1212 enim
1429 1165 1511 1210 fre-

144 1248 345 1282 muerunt
376 1248 518 1296 gentes
546 1249 588 1283 et
616 1238 771 1301 populi
795 1237 988 1283 meditati
1016 1247 1115 1282 sunt
1143 1237 1288 1282 inania
1313 1236 1514 1282 adversus

143 1307 382 1352 Dominum
403 1319 444 1352 et
470 1307 669 1352 adversus
690 1308 916 1352 Christum
934 1310 1023 1364 ejus
1037 1344 1046 1361 ‚
1068 1306 1244 1369 quando
1261 1306 1317 1351 ab
1336 1306 1395 1351 eis
1415 1305 1514 1351 fun-

145 1376 330 1422 debatur
350 1378 520 1437 sanguis
541 1387 790 1422 sanctorum
808 1386 849 1421 et
866 1375 1118 1421 vastabatur
1142 1376 1332 1422 Ecclesia
1346 1414 1356 1433 ‚
1381 1392 1515 1440 usque

146 1446 201 1491 ad
219 1446 307 1491 hoc
335 1456 504 1510 tempus
523 1457 564 1492 et
580 1446 782 1509 deinceps
802 1445 996 1509 quotidie
1018 1447 1289 1494 minuuntur.
1321 1449 1409 1493 Nos
1431 1464 1511 1493 au-

148 1529 231 1563 tem
249 1517 451 1564 adversus
474 1536 621 1564 eorum
642 1519 881 1582 opprobria
899 1529 940 1564 et
958 1519 1164 1582 superbas
1191 1518 1405 1564 irrisiones
1427 1517 1511 1563 for-

151 1588 331 1634 tissimos
350 1589 537 1635 reddunt
557 1589 733 1635 oracula
753 1590 832 1635 Dei
850 1589 985 1635 nostri
1000 1627 1010 1645 ‚
1034 1606 1134 1653 quae
1156 1588 1209 1634 de
1235 1589 1320 1634 hac
1345 1606 1518 1653 quoque

148 1677 193 1705 re
212 1659 409 1705 videmus
433 1671 474 1706 et
506 1660 742 1720 gaudemus
766 1660 952 1722 impleri.
986 1661 1058 1705 Sic
1083 1660 1196 1705 enim
1222 1677 1300 1705 nos
1329 1660 1517 1725 alloqui-

150 1740 222 1775 tur
246 1747 324 1793 per
354 1730 622 1793 Prophetam
653 1748 663 1774 :
700 1751 721 1771 a
744 1730 903 1775 Audite
932 1748 1000 1776 me
1023 1730 1099 1793 qui
1128 1730 1243 1775 scitis
1268 1730 1487 1790 judicium
1505 1769 1516 1787 ‚

151 1823 171 1842 »
188 1800 379 1864 populus
402 1818 546 1857 meus,
580 1801 625 1846 in
644 1819 834 1865 quorum
860 1800 991 1846 corde
1018 1801 1083 1846 lex
1106 1818 1199 1846 mea
1224 1812 1286 1846 est
1313 1819 1323 1846 ε
1351 1819 1520 1866 oppro-

152 1893 172 1912 n
190 1871 336 1916 brium
368 1871 598 1917 hominum
625 1872 755 1917 nolite
778 1882 967 1916 metuere
982 1908 992 1927 ,
1019 1883 1060 1917 et
1083 1871 1347 1918 detractione
1369 1890 1519 1919 eorum

153 1963 173 1982 n
191 1958 244 1986 ne
274 1942 566 2004 superemini3
601 1959 681 1987 nec
710 1942 830 2006 quod
855 1958 972 1987 nunc
1004 1959 1082 1987 vos
1115 1953 1350 2005 spernunt,
1378 1944 1524 2002 magni

154 2033 174 2053 n
193 2010 409 2058 duxeritis.
442 2012 564 2057 Sicut
583 2013 696 2057 enim
722 2013 1025 2058 vestimentum
1043 2050 1053 2069 ,
1076 2013 1136 2058 ita
1159 2029 1238 2076 per
1256 2023 1425 2077 tempus
1447 2013 1523 2058 ab·

153 2103 174 2122 ³)
193 2092 438 2138 sumentur,
467 2093 508 2127 et
534 2083 645 2128 sicut
673 2082 772 2128 lana
807 2100 830 2128 a
861 2083 973 2128 tinea
1009 2082 1292 2129 comedentur
1318 2101 1328 2128 ε
1357 2083 1524 2143 justitia

158 2174 176 2194 n
198 2162 340 2197 autem
365 2170 457 2198 mea
480 2153 524 2198 in
555 2163 762 2198 aeteruum
794 2155 981 2199 manet2.
1008 2174 1027 2194 >2
1062 2154 1228 2213 Legant
1262 2163 1402 2199 tamen
1428 2153 1526 2199 haec

155 2232 317 2279 nostra,
338 2222 372 2268 si
386 2222 634 2283 dignentur,
652 2234 695 2269 et
713 2241 815 2269 cum
835 2223 888 2269 ad
902 2240 979 2269 nos
997 2223 1359 2270 contradictiones
1376 2240 1524 2270 eorum

155 2294 448 2356 pervenerint,
469 2304 681 2357 quantum
697 2294 909 2340 Dominus
929 2293 1125 2354 adjuvat,
1144 2293 1517 2358 respondebimus·

208 2379 217 2400 ¹
238 2389 250 2409 1
272 2380 347 2412 Cor.
369 2390 393 2421 1,
411 2391 462 2417 20,
479 2390 534 2413 21.
549 2378 623 2403 ——2
639 2380 710 2411 lsai.
726 2391 769 2417 u,
788 2391 819 2423 7,
839 2380 869 2411 8.
