1758 3246
260 289 350 333 (522
680 296 713 325 s.
758 294 998 342 At'ecs'rini
1039 294 1240 323 Erlscorr

258 367 355 412 ideo
394 373 587 408 mortuus
615 359 752 405 onmis
788 358 963 423 quando
1000 356 1093 403 vult
1127 359 1291 418 surgit,
1320 370 1396 404 aut
1426 376 1475 405 eo
1506 358 1638 406 modo

261 434 462 481 exanimis
487 450 510 477 a
532 431 728 484 vivente,
753 428 972 493 quomodo
999 446 1019 473 a
1046 428 1248 488 vigilante
1275 427 1492 474 dormiens
1523 429 1641 475 exci-

263 516 391 551 tatur.
424 502 509 547 Alii
531 512 631 546 sunt
651 501 941 545 humanarum
967 498 1123 543 limites
1154 516 1297 544 rerum
1318 536 1328 553 ,
1360 499 1441 544 alia
1467 499 1643 545 divina-

264 592 361 621 rum
385 574 503 632 signa
525 571 765 623 virtutum3
796 569 878 614 alia
899 578 998 614 sunt
1022 585 1122 631 quae
1141 569 1412 625 naturaliter,
1437 569 1519 615 alia
1544 587 1644 633 quae

262 643 518 691 mirabiliter
538 641 680 687 fiunt:
710 639 908 703 quamvis
928 649 969 683 et
1000 649 1169 683 naturae
1201 639 1317 684 Deus
1348 639 1460 684 adsit
1492 651 1540 685 ut
1563 640 1642 696 sit,

267 726 308 761 et
332 712 546 760 miraculis
564 722 716 756 natura
738 726 825 754 non
847 708 968 754 desit.
1005 710 1100 753 LNon
1124 708 1256 767 igitur
1272 708 1368 754 ideo
1393 708 1646 772 putandum

271 796 334 831 est
365 785 563 830 vivorum
590 781 719 826 rebus
753 779 971 843 quoslibet
1007 779 1204 823 interesse
1237 797 1356 842 posse
1391 780 1644 836 defunctos,

274 855 480 920 quoniam
513 850 780 914 quibusdam
824 849 1025 894 sanandis
1054 849 1119 894 vel
1148 848 1407 908 adjuvandis
1442 852 1651 914 Martyres

277 926 432 971 adsunt
456 941 466 968 ι
496 921 567 968 sed
594 921 692 966 ideo
715 920 859 983 potius
881 919 1207 979 intelligendum
1229 930 1312 975 est,
1337 920 1454 984 quod
1479 938 1557 984 per
1579 920 1651 966 di-

276 998 422 1044 vinam
460 993 700 1058 potentiam
744 993 955 1053 Martyres
990 991 1188 1036 vivorum
1240 991 1369 1036 rebus
1413 992 1648 1048 intersunt,

279 1067 484 1133 quoniam
511 1062 708 1109 defuncti
736 1080 814 1125 per
839 1072 1037 1107 naturam
1063 1062 1289 1125 propriam
1307 1062 1506 1109 vivorum
1526 1063 1655 1108 rebus

282 1139 480 1185 interesse
506 1152 592 1179 non
612 1143 808 1197 possunt.

345 1209 444 1255 XX.
487 1207 752 1268 Quanquam
776 1204 857 1249 ista
881 1204 1065 1267 quaestio
1098 1203 1208 1249 vires
1235 1202 1528 1263 intelligentiae
1551 1221 1662 1252 meae.

283 1280 420 1327 vincit
439 1315 449 1335 ,
475 1273 842 1340 quemadmodum
866 1273 1137 1337 opitulentur
1163 1275 1371 1335 Martyres
1390 1273 1440 1318 iis
1458 1291 1566 1337 quos
1583 1291 1660 1337 per

285 1367 356 1397 eos
385 1359 551 1394 eertum
581 1355 643 1390 est
671 1344 896 1402 adJuvari3
925 1355 1071 1388 utrum
1095 1343 1177 1406 ipsi
1211 1360 1288 1406 per
1316 1361 1357 1388 se
1380 1344 1496 1406 ipsos
1517 1343 1662 1389 adsint

288 1437 375 1466 uno
395 1430 587 1480 tempore
611 1426 698 1459 tam
723 1414 899 1459 diversis
926 1413 1056 1468 locis,
1091 1425 1133 1457 et
1159 1423 1272 1458 tanta
1297 1413 1409 1458 inter
1428 1431 1469 1458 se
1487 1413 1661 1474 longin-

290 1492 454 1555 quitate
485 1485 700 1541 discretis,
738 1485 823 1529 sive
850 1484 925 1529 ubi
962 1494 1062 1528 sunt
1100 1500 1248 1528 eorum
1287 1484 1534 1540 Memoriae,
1576 1485 1663 1531 sive

289 1572 450 1627 praeter
472 1575 567 1604 suas
595 1556 822 1601 Memorias
843 1555 1112 1617 ubicumque
1138 1554 1282 1600 adesse
1301 1555 1547 1601 sentiuntur
1569 1572 1580 1600 ε
1609 1573 1665 1600 an

290 1633 393 1698 ipsis
428 1631 474 1675 in
502 1628 599 1673 loeo
632 1627 718 1672 suis
752 1626 915 1671 meritis
949 1642 1142 1685 congruo
1177 1625 1232 1670 ab
1265 1627 1385 1671 omni
1416 1625 1664 1671 mortalium

292 1699 613 1750 conversatione
632 1698 822 1752 remotis,
846 1707 886 1741 et
908 1707 1050 1742 tamen
1069 1695 1320 1756 generaliter
1339 1697 1566 1742 orantibus
1585 1713 1665 1760 pro

291 1769 539 1832 indigentiis
562 1768 887 1831 supplicantum
909 1766 1048 1829 (sieut
1076 1783 1152 1811 nos
1171 1783 1342 1811 oramus
1360 1784 1441 1829 pro
1466 1767 1664 1819 mortuis,

294 1844 457 1909 quibus
480 1840 630 1902 utique
661 1855 749 1883 non
772 1848 1109 1901 praesentaniur,
1146 1853 1224 1882 nec
1257 1836 1333 1881 ubi
1363 1837 1448 1882 sint
1471 1837 1539 1883 vel
1555 1835 1668 1901 ‘quid

299 1924 427 1975 agant
445 1910 627 1971 scimus]
642 1946 652 1965 ,
676 1910 791 1954 Deus
808 1907 1082 1971 omnipotens
1098 1907 1174 1970 qui
1195 1917 1256 1951 est
1277 1907 1441 1970 ubique
1461 1925 1666 1972 praesens,

298 2001 378 2031 nec
412 1990 639 2028 conffletus
673 1978 828 2034 nobis,
868 1995 946 2023 nec
980 1988 1171 2022 remotus
1203 1995 1224 2022 a
1260 1977 1413 2034 nobis,
1443 1977 1671 2024 exaudiens

301 2057 547 2117 Martyrum
576 2066 750 2113 preces,
777 2066 857 2112 per
885 2048 1074 2107 angelica
1102 2047 1335 2093 ministeria
1366 2065 1673 2113 usquequaque

302 2126 457 2172 diffusa
480 2121 676 2186 pree-beat
700 2119 954 2164 hominibus
977 2119 1055 2164 ista
1078 2118 1248 2174 solatia,
1283 2119 1443 2183 quibus
1471 2120 1514 2165 in
1541 2119 1674 2180 hujus

302 2196 404 2241 vitae
436 2191 603 2238 miseria
637 2189 809 2250 judicat
845 2207 931 2235 esse
954 2187 1215 2252 pi·ael)e11da;
1243 2199 1285 2234 et
1316 2207 1489 2235 suorum
1525 2191 1676 2242 merita

303 2268 546 2327 Martyrum
574 2261 650 2307 ubi
674 2260 791 2315 vult,
812 2260 989 2323 quando
1013 2259 1107 2305 vult
1123 2297 1134 2315 ,
1158 2260 1378 2323 quomodo
1394 2261 1512 2317 vult,
1536 2261 1674 2306 maxi-

303 2352 458 2399 meque
477 2350 554 2397 per
576 2348 722 2378 eorum
750 2331 980 2376 Memorias
999 2368 1009 2387 ,
1036 2331 1243 2393 quoniam
1278 2331 1364 2377 hoc
1390 2332 1513 2378 novit
1543 2349 1674 2395 expe-j

305 2407 397 2453 dire
419 2404 546 2450 nobis
565 2402 616 2448 ad
643 2400 945 2447 {edificandam
970 2401 1098 2446 fidem
1135 2400 1328 2455 Christi,
1355 2419 1436 2464 pro
1461 2405 1584 2461 cuijs
1612 2401 1675 2446 illi

304 2475 566 2523 confessione
587 2483 687 2518 sunt
708 2472 819 2535 passi
838 2509 848 2525 ,
880 2471 1067 2516 mirabili
1086 2480 1214 2533 atque
1240 2471 1444 2516 ineffabili
1466 2481 1677 2534 potestate

305 2564 354 2594 ac
373 2545 568 2591 bonitate
585 2541 872 2593 commendet.
904 2543 987 2587 Res
1004 2540 1102 2603 haec
1123 2540 1247 2586 altior
1267 2551 1328 2585 est
1346 2558 1476 2604 quani
1498 2551 1544 2591 ut
1567 2559 1589 2586 a
1611 2558 1677 2587 me

301 2617 439 2684 possit
459 2613 637 2675 attingi,
662 2623 705 2660 et
724 2612 959 2660 abstrusior
979 2628 1112 2676 quam
1134 2621 1183 2658 ut
1201 2629 1223 2657 a
1239 2627 1307 2658 me
1323 2610 1464 2659 valeat
1479 2627 1679 2678 perscru-
