1758 3246
327 301 411 348 ¹90
740 301 775 329 s.
821 302 1061 331 Amasim]
1097 302 1299 332 hi’isuori

310 376 352 411 et
374 375 619 409 nasceretur
632 363 686 410 de
707 364 911 421 foemina,
934 376 974 410 et
992 384 1014 410 a
1051 365 1355 428 peccatoribus
1374 364 1517 410 omnia
1538 366 1694 430 illapa-

313 437 502 480 tentur?
527 434 702 491 Quibus
734 434 918 480 dicimus
941 452 951 479 :
975 436 1150 479 Poterat
1173 435 1374 490 omnino,
1407 435 1479 479 sed
1505 436 1539 480 si
1570 435 1696 481 aliter

311 502 487 559 faceret,
510 503 706 549 similiter
725 514 877 548 vestrae
895 503 1092 548 stultitiae
1113 503 1375 566 displiceret.
1396 503 1442 548 Si
1467 505 1584 549 enim
1607 522 1697 550 non

312 583 543 636 appareret
566 573 702 618 oculis
729 584 1037 636 peccatorum,
1070 572 1217 618 lumen
1253 577 1342 631 eJ'us
1373 583 1581 619 aetcrnum
1605 575 1696 619 uti—

313 658 414 704 que,
438 642 557 705 quod
585 660 663 706 per
692 642 913 687 interiores
932 642 1080 687 oculos
1096 641 1287 697 videtur,
1317 642 1556 704 inquinatis
1578 660 1696 688 men-

314 711 433 757 tibus
456 712 595 758 videri
620 729 709 757 non
736 722 892 775 posset.
922 713 1050 757 Nunc
1072 722 1216 757 autem
1240 711 1345 775 quia
1370 711 1597 758 visibiliter
1618 731 1696 759 nos

317 799 592 828 commonere
625 782 827 841 dignatus
851 792 938 838 est,
974 793 1023 827 ut
1055 782 1110 827 ad
1142 781 1381 827 invisibilia
1404 795 1694 845 praepararet,

315 851 517 914 displicet
540 852 693 908 avaris,
717 852 822 915 quia
838 868 927 897 non
946 868 1124 897 aureum
1152 867 1312 914 corpus
1336 851 1518 905 habuit3
1541 851 1695 915 displi-

315 933 384 974 cet
404 921 642 985 impudicis
658 958 669 977 ,
688 922 791 984 quia
805 921 858 966 de
872 921 1054 967 foemina
1075 932 1202 966 natus
1217 931 1279 965 est
1297 937 1307 964 :
1344 920 1560 981 (Multum
1583 923 1699 968 enim

314 991 501 1037 oderunt
522 990 764 1054 impudici,
781 991 902 1054 quod
916 992 1175 1055 concipiunt
1187 1002 1228 1036 et
1244 990 1426 1054 pariunt
1443 990 1690 1054 foeminae):

1753 798 1755 808 n
1753 759 1756 786 .-
1751 637 1758 740 »ἠψο
1750 542 1756 627 —-..--

315 1061 518 1126 displicet
534 1061 761 1124 superbis,
797 1061 917 1124 quod
951 1062 1233 1108 contumelias
1260 1061 1569 1124 patientissime
1592 1079 1698 1125 per·
1754 1098 1758 1123 Ι,

319 1132 447 1187 tulit;
465 1131 669 1195 displicet
691 1131 911 1188 delicatis,
935 1133 1039 1196 quia
1051 1132 1270 1178 cruciatus
1291 1142 1380 1184 est3
1411 1130 1613 1194 displicet
1636 1133 1698 1178 ti-
1754 1128 1758 1180 ἶ

315 1203 443 1250 midis
460 1240 471 1261 ,
493 1203 596 1267 quia
620 1214 819 1249 mortuus
857 1214 931 1249 est.
961 1204 1019 1249 Et
1042 1214 1198 1249 utnon
1224 1202 1329 1248 vitia
1353 1218 1431 1246 sua
1466 1201 1699 1249 videantur

316 1272 570 1329 defendere,
601 1289 690 1318 non
715 1273 759 1318 in
798 1272 977 1318 homine
1011 1273 1167 1319 dicunt
1188 1271 1273 1316 sibi
1309 1271 1397 1316 hoc
1430 1270 1662 1335 displicere
1682 1310 1695 1329 ‚

315 1342 452 1403 sedin
474 1342 584 1388 Filio
599 1341 694 1388 Dei.
721 1343 822 1388 Non
854 1343 967 1387 enim
995 1342 1246 1401 intelligunt
1268 1339 1378 1404 quid
1394 1340 1447 1385 sit
1466 1342 1691 1388 aeteruitas

315 1413 418 1470 Dei,
459 1428 557 1475 quae
596 1411 820 1456 hominem
853 1412 1111 1474 assumpsit3
1144 1422 1186 1456 et
1226 1410 1335 1474 quid
1370 1411 1465 1473 ipsa
1501 1411 1698 1458 humana

316 1494 510 1530 creatura
525 1518 537 1539 ,
566 1498 666 1544 quae
683 1481 1000 1526 mutationibus
1020 1482 1107 1527 suis
1128 1481 1176 1526 in
1197 1481 1430 1544 pristinam
1443 1481 1697 1528 firmitatem

315 1552 620 1607 revocabatur,
649 1561 698 1596 ut
723 1550 1002 1607 disceremus,
1040 1551 1221 1596 docente
1260 1551 1356 1613 ipso
1384 1551 1574 1597 Domino
1592 1589 1604 1610 ,
1630 1553 1695 1599 in-

315 1623 538 1670 firmitates
548 1637 654 1684 quas
668 1621 894 1683 peccando
918 1620 1169 1680 collegimus
1186 1658 1196 1677 ,
1218 1631 1334 1666 recte
1354 1621 1553 1667 faciendo
1572 1640 1697 1686 posse

315 1693 468 1742 sanari.
516 1690 841 1737 Ostendebatur
868 1691 983 1736 enim
1024 1691 1150 1737 nobis
1188 1690 1242 1736 ad
1267 1708 1400 1755 quam
1415 1691 1696 1751 flagilitatem

318 1767 451 1811 homo
473 1779 550 1808 sua
567 1760 698 1824 culpa
724 1762 992 1824 pervenerit,
1020 1772 1062 1807 et
1103 1779 1150 1807 ex
1174 1779 1260 1825 qua
1290 1760 1524 1821 fragilitate
1544 1762 1694 1809 divino

317 1834 472 1885 auxilio
485 1833 708 1881 liberetur.
740 1833 892 1895 ltaque
920 1832 1053 1878 Filius
1078 1833 1156 1877 Dei
1185 1832 1409 1877 hominem
1436 1835 1691 1897 assumpsit,

316 1920 358 1954 et
377 1908 423 1952 in
435 1906 510 1952 illo
534 1905 728 1950 humana
740 1920 966 1967 perpessus
988 1914 1063 1951 est.
1092 1909 1200 1949 Haec
1224 1903 1441 1949 medicina
1463 1904 1694 1954 hominum

317 1988 435 2026 tanta
447 1987 509 2022 est
526 2013 537 2032 ,
564 1984 727 2038 quanta
749 1991 839 2019 non
860 1985 1003 2037 potest
1025 1975 1219 2034 cogitari.
1262 1975 1374 2019 Nam
1412 1991 1512 2037 quae
1536 1992 1693 2039 super·
1756 2020 1758 2030 ,

318 2050 391 2097 bia
415 2046 556 2093 sanari
577 2054 748 2108 potest,
783 2044 817 2089 si
855 2044 1106 2090 humilitate
1144 2043 1239 2089 Filii
1272 2043 1353 2088 Dei
1377 2060 1467 2089 non
1488 2048 1692 2096 sanatur?

318 2122 430 2178 Quae
449 2115 627 2163 avaritia
659 2113 800 2159 sanari
821 2124 988 2177 potest,
1013 2114 1045 2159 si
1073 2123 1332 2177 paupertate
1368 2113 1466 2158 Filii
1488 2115 1569 2160 Dei
1603 2132 1692 2161 non
1756 2146 1758 2167 s

317 2189 522 2237 sanatur?
546 2184 658 2242 Quae
680 2183 907 2229 iracundia
929 2185 1071 2229 sanari
1091 2194 1259 2246 potest,
1302 2183 1339 2228 si
1361 2183 1571 2246 patientia
1594 2185 1692 2232 Filii

318 2261 398 2308 Dei
411 2275 499 2306 non
522 2256 726 2301 sanatur?
759 2253 1098 2317 Quaejmpietas
1120 2254 1261 2299 sanari
1274 2263 1441 2316 potest,
1472 2254 1508 2299 si
1539 2254 1690 2301 chari-

320 2341 405 2376 tate
428 2328 523 2374 Filii
540 2326 617 2371 Dei
635 2342 725 2371 non
743 2325 945 2370 sanatur?
963 2327 1188 2370 Postremo
1204 2341 1304 2388 quae
1322 2323 1531 2371 timiditas
1548 2327 1690 2372 sanari

315 2411 479 2466 potest,
507 2398 541 2443 si
565 2395 872 2443 resurrectione
901 2396 1095 2459 corporis
1121 2395 1286 2441 Christi
1312 2395 1489 2440 Domini
1512 2413 1601 2443 non
1617 2414 1688 2442 sa-

317 2474 470 2517 natur?
508 2468 655 2528 Erigat
691 2483 810 2530 spem
847 2483 966 2511 suam
995 2483 1126 2526 genus
1160 2465 1432 2522 humanum,
1463 2476 1506 2511 et
1532 2484 1687 2529 recog..

318 2553 468 2590 noscat
484 2551 685 2587 naturam
711 2555 831 2584 suam
849 2575 859 2595 ,
884 2536 1030 2583 videat
1051 2546 1265 2600 quantum
1288 2535 1433 2581 locum
1457 2534 1619 2600 haheat
1640 2537 1685 2583 in

319 2611 524 2680 operibus
545 2609 637 2657 Dei.
666 2607 807 2654 Nolite
831 2624 906 2654 vos
946 2607 1061 2669 ipsos
1095 2617 1388 2663 contemnere,
1417 2605 1517 2653 viri:
1553 2607 1683 2655 Filius
