1758 3246
157 311 329 344 coxi-uA
364 309 631 343 mmmmm
666 309 723 341 An
760 308 1068 350 consumma,
1105 306 1192 341 L1B.
1234 309 1265 339 1.
1338 290 1430 339 505

60 377 363 424 fornicandum
382 386 458 429 est,
482 374 514 420 si
537 385 717 438 propter
739 373 846 420 illud
871 383 1052 436 putatur
1073 373 1200 419 fuisse
1224 375 1432 420 mentien-

62 449 197 495 dum'?
221 449 316 493 Non
338 447 390 492 de
411 445 500 491 solo
519 446 661 509 itaque
679 445 922 499 mendacio,
943 443 1014 489 sed
1034 444 1086 489 de
1106 445 1308 490 omnibus
1332 462 1433 508 ope·

63 519 185 564 ribus
214 518 440 563 hominum
472 516 515 560 in
545 516 706 580 quibus
743 516 926 560 existunt
960 514 1078 559 velut
1113 515 1434 578 compensativa

62 599 265 652 peccata,
300 585 661 633 considerandum
699 597 760 631 cst
789 603 920 650 quam
956 585 1207 631 sententiam
1240 584 1433 647 proferre

63 659 314 713 debeamus,
338 674 391 703 ne
414 657 656 720 aperiamus
683 656 848 702 aditum
873 672 961 701 non
984 665 1153 701 tantum
1178 655 1322 718 parvis
1344 654 1434 718 qui-

62 729 230 791 busque
263 727 476 792 peccatis,
512 727 791 772 verumetiam
827 725 1060 772 sceleribus
1095 725 1294 780 cunctis,
1329 724 1435 771 nul-

62 799 239 862 lumque
257 807 476 843 remaneat
502 796 686 853 facinus,
710 797 940 857 flagitium,
965 795 1252 856 sacrilegium,
1278 794 1323 840 in
1348 812 1435 859 quo

62 886 187 915 causa
213 886 299 913 non
326 868 460 931 possit
486 869 655 913 existere
677 885 763 933 qua
787 878 901 914 recte
924 866 1123 913 videatur
1150 883 1236 912 esse
1267 865 1433 912 facien-

63 939 186 995 dum,
227 939 552 1002 universamque
588 939 689 984 vitae
722 939 987 1002 probitatem
1024 937 1175 1001 opinio
1210 937 1290 982 ista
1327 936 1436 982 sub-

65 1020 215 1056 vertat.

129 1079 290 1125 XXXI.
333 1079 455 1124 nihil
480 1090 617 1125 autem
647 1078 912 1139 judicandus
942 1088 1004 1123 est
1033 1076 1174 1122 dicere
1192 1113 1203 1133 ,
1230 1076 1306 1142 qui
1330 1075 1438 1122 dicit

65 1147 206 1212 aliqua
226 1152 344 1208 justa
366 1166 451 1194 esse
471 1149 711 1205 mendacia,
734 1149 815 1193 nisi
839 1148 982 1211 aliqua
1000 1150 1114 1206 justa
1136 1164 1221 1192 esse
1236 1158 1433 1210 peccata,

65 1236 114 1264 ac
140 1236 219 1281 per
240 1218 327 1264 hoc
354 1218 497 1280 aliqua
516 1223 631 1278 Justa
656 1235 741 1263 esse
764 1235 862 1281 quae
882 1218 1043 1276 injusta
1069 1227 1169 1262 sunt
1189 1234 1199 1262 ε
1222 1234 1309 1280 quo
1330 1217 1438 1280 quid

66 1287 293 1333 absurdius
327 1287 415 1332 dici
450 1290 619 1350 potest?
654 1287 778 1332 Unde
815 1287 928 1332 enim
969 1297 1030 1332 est
1064 1297 1317 1350 peccatum,
1355 1287 1438 1333 nisi

64 1359 165 1421 quia
186 1358 366 1418 justitiae
391 1359 656 1403 contrarium
683 1362 772 1403 est?
798 1359 1009 1403 Dicuntur
1034 1374 1133 1417 ergo
1158 1357 1239 1402 alia
1262 1374 1434 1418 magna,

67 1427 147 1473 alia
172 1445 307 1491 parva
329 1445 413 1473 esse
435 1438 643 1491 peccata;
673 1428 774 1490 quia
804 1445 954 1473 verum
984 1438 1062 1483 est,
1090 1444 1169 1472 nec
1195 1427 1440 1473 auscultan-

66 1498 170 1544 dum
193 1499 349 1545 Stoicis
371 1500 448 1563 qui
468 1500 612 1545 omnia
632 1499 754 1563 paria
773 1516 858 1544 esse
879 1498 1151 1544 contendunt
1171 1515 1181 1543 :
1203 1497 1345 1544 dicere
1368 1514 1442 1544 au-

67 1579 150 1614 tem
180 1569 384 1632 quaedam
407 1570 588 1630 injusta,
615 1569 816 1634 quaedam
845 1573 961 1629 justa
990 1585 1076 1614 esse
1107 1578 1304 1632 peccata,
1332 1568 1441 1632 quid

67 1649 128 1685 est
162 1639 279 1685 aliud
312 1656 443 1703 quam
477 1639 619 1685 dicere
649 1639 860 1702 quasdam
891 1655 976 1684 esse
1009 1639 1204 1698 injustas,
1231 1638 1441 1702 quasdam

61 1712 199 1770 justas
224 1711 500 1774 iniquitates?
522 1727 621 1756 curn
644 1710 762 1755 dicat
780 1709 997 1773 apostolus
1016 1710 1231 1755 Joannes:
1250 1709 1442 1755 «Omnis
1468 1717 1480 1727 ⁰

69 1802 90 1822 »
107 1781 182 1844 qui
211 1780 314 1826 facit
339 1791 567 1845 peccatum
587 1818 598 1837 ,
632 1780 736 1827 facit
758 1791 800 1826 et
822 1781 1096 1844 iniquitatem
1111 1818 1122 1836 ‚
1149 1790 1191 1826 et
1212 1790 1442 1844 peccatum

0 1853 1 1893 ἶ
69 1873 90 1893 »
107 1851 311 1915 iniquitas
330 1851 450 1898 est1?
470 1873 490 1894 »
511 1854 608 1899 Non
627 1869 726 1912 ergo
746 1862 887 1915 potest
898 1855 1065 1912 Justum
1087 1868 1172 1897 esse
1188 1861 1440 1915 peccatum,

0 1972 1 1990 ἶ
68 1922 148 1967 nisi
171 1939 272 1967 curn
297 1924 467 1986 peccati
490 1940 647 1968 nomen
670 1924 716 1968 in
740 1923 823 1968 alia
846 1923 1115 1985 reponimus,
1142 1923 1189 1968 in
1212 1939 1297 1985 qua
1321 1923 1443 1986 quis-

0 2008 1 2017 *
68 2009 152 2056 que
177 2010 265 2038 non
299 2003 471 2057 peccat,
506 1993 579 2039 sed
614 2004 688 2039 aut
719 1993 826 2039 facit
860 1992 1026 2056 aliquid
1060 2003 1134 2038 aut
1166 1994 1332 2056 patitur
1362 2009 1445 2056 pro

68 2074 262 2126 peccato.
292 2066 399 2109 Nam
422 2074 463 2109 et
481 2063 691 2109 sacrificia
714 2081 795 2126 pro
817 2063 1006 2126 peccatis
1031 2073 1211 2126 peccata
1229 2062 1445 2126 appellata

70 2144 188 2189 sunt,
217 2145 258 2180 et
284 2152 430 2199 poenae
454 2145 731 2199 peccatorum
755 2134 964 2179 dicuntur
986 2133 1222 2197 aliquando
1247 2144 1439 2197 peccata.

71 2204 178 2249 Haec
201 2204 329 2267 plane
355 2215 532 2268 possunt
549 2204 728 2265 intelligi
744 2208 861 2264 justa
887 2214 1085 2267 peccata,
1119 2220 1220 2250 cum
1234 2208 1351 2264 justa
1374 2203 1447 2249 di-

71 2285 230 2320 cuntur
256 2276 485 2331 sacrificia,
514 2275 581 2321 vel
600 2279 716 2335 justa
741 2274 971 2338 supplicia.
1003 2276 1065 2320 Ea
1090 2292 1191 2321 vero
1219 2292 1318 2338 quae
1344 2291 1448 2320 con-

72 2354 136 2389 tra
162 2344 295 2405 legem
324 2345 401 2390 Dei
424 2347 560 2401 fiunt,
587 2349 704 2406 justa
729 2362 814 2390 esse
837 2362 925 2391 non
947 2355 1144 2409 possunt.
1185 2344 1359 2390 Dictum
1388 2354 1451 2389 est

73 2425 216 2461 autem
252 2418 342 2462 Deo
362 2434 372 2461 :
392 2419 514 2462 «Lex
546 2427 621 2463 tua
648 2416 802 2463 veritas
816 2416 850 2463 ².
874 2438 895 2458 n
916 2420 975 2462 Ac
1007 2433 1086 2480 per
1118 2415 1204 2461 hoc
1239 2415 1356 2479 quod
1388 2425 1449 2461 est

74 2497 220 2532 contra
252 2488 501 2543 veritatem,
531 2491 696 2548 jtlstum
731 2505 817 2533 esse
849 2505 937 2533 non
969 2496 1126 2550 potest.
1166 2486 1274 2543 Quis
1306 2497 1450 2532 autem

76 2555 250 2602 dubitet
271 2568 420 2603 contra
442 2559 666 2604 veritatem
686 2575 772 2604 esse
795 2557 1072 2605 mendacium
1093 2560 1247 2605 omne?
1271 2556 1451 2605 Nullum

125 2641 134 2664 ¹
160 2652 170 2672 1
198 2645 291 2675 Jo-iu.
308 2652 358 2679 111,
377 2648 461 2680 4.-
476 2641 492 2666 ²
510 2642 590 2677 Psal.
607 2654 725 2689 cxvut,
749 2649 824 2681 ¹42·
