1758 3246
496 304 550 333 1111
586 304 835 344 nummio,
874 305 962 336 Lm.
1006 302 1035 335 1.
1352 289 1442 352 437

80 369 234 428 tegrior
262 378 303 414 et
325 367 500 422 castior,
529 384 629 414 cum
652 373 742 428 ejus
763 368 913 432 potius
931 369 1284 416 immutabilitate
1318 387 1450 435 quam

78 455 151 482 sua
177 437 467 483 mutabilitate
486 437 745 501 perfruetur.
772 438 815 484 Si
837 447 976 483 autem
992 438 1109 482 Loth
1126 455 1223 484 cum
1242 440 1299 491 ita
1309 444 1454 500 justus

79 518 205 562 esset,
233 518 281 552 ut
296 506 478 566 Angelos
497 508 625 552 etiam
643 507 834 570 hospites
855 507 1070 569 suscipere
1090 522 1341 564 mereretur,
1365 521 1455 555 stu-

77 577 266 641 prandas
288 578 398 622 filias
426 576 659 623 Sodomitis
681 577 889 633 obtulit‘l,
924 587 974 622 ut
1003 575 1285 623 foeminarum
1307 580 1454 641 potius

79 648 136 692 ab
154 647 211 692 eis
235 664 419 710 corpora
450 664 581 711 quam
605 648 798 693 virorum
823 658 1209 709 corrumperentur
1241 665 1251 692 :
1291 660 1456 710 quanto

79 716 323 776 diligentius
342 728 468 780 atque
495 718 763 763 constantius
781 717 913 762 animi
936 718 1107 762 castitas
1120 717 1164 762 in
1178 717 1355 763 veritate
1368 734 1452 763 ser-

77 786 219 831 vanda
240 797 323 842 est,
351 803 454 832 cum
478 787 618 832 verius
643 787 735 849 ipse
754 787 929 849 corpori
946 803 1042 842 suo,
1062 802 1195 850 quam
1218 803 1379 851 corpus
1393 787 1456 832 vi-

79 856 154 901 rile
180 857 385 902 foemineo
405 858 578 920 corpori
603 857 872 920 praeferatur.

150 927 227 972 xl,
271 926 401 982 Quod
430 926 463 971 si
489 927 718 990 quisquam
744 937 887 991 putat,
914 926 1011 972 ideo
1033 927 1238 990 cuiquam
1262 943 1342 989 pro
1369 926 1454 971 alio

83 1013 168 1041 esse
186 997 502 1052 mentiendum,
530 1007 577 1042 ut
596 997 767 1043 interim
785 998 921 1053 vivat,
943 1008 1016 1043 aut
1037 997 1082 1042 in
1107 997 1176 1043 his
1196 997 1326 1042 rebus
1349 1013 1457 1060 quas

82 1065 267 1111 multum
302 1065 444 1125 diligit
465 1084 552 1111 non
581 1067 841 1121 offendatur,
875 1083 963 1129 quo
995 1067 1130 1129 possit
1166 1066 1221 1111 ad
1253 1076 1458 1111 aeternam

81 1134 300 1180 veritatem
326 1136 550 1198 pervenire
575 1136 782 1180 discendo
809 1153 819 1179 ε
847 1153 933 1180 non
957 1135 1158 1194 intelligit
1183 1136 1326 1198 primo
1357 1136 1460 1181 nul-

78 1203 169 1248 lum
190 1221 276 1249 esse
292 1205 524 1263 flagitium,
550 1205 668 1266 quod
695 1222 782 1249 non
801 1205 949 1249 eadem
976 1205 1226 1249 conditione
1245 1206 1460 1267 suscipere

80 1283 286 1332 cogatur,
323 1274 434 1318 sicut
458 1277 550 1331 jam
583 1274 779 1334 superius
810 1273 1151 1318 demonstratum
1186 1283 1278 1317 est:
1301 1273 1458 1319 deinde

79 1343 213 1404 ipsius
237 1342 449 1388 doctrinae
469 1343 773 1388 auctoritatem
792 1343 1054 1406 intercipiet
1072 1343 1243 1405 penitus
1261 1343 1453 1399 interire,

81 1412 114 1457 si
134 1413 192 1458 eis
213 1429 321 1476 quos
345 1412 400 1457 ad
424 1411 542 1456 illam
564 1411 802 1474 perducere
821 1428 1046 1467 conamur,
1068 1411 1295 1458 mendacio
1313 1423 1459 1458 nostro

82 1482 390 1545 persuademus
405 1481 640 1544 aliqnando
657 1498 743 1526 esse
757 1481 1068 1527 mentiendum.
1091 1481 1203 1526 Cum
1222 1482 1336 1527 enim
1355 1482 1460 1528 doc-

82 1552 194 1597 trina
216 1552 430 1607 salutaris,
456 1552 615 1614 partim
635 1550 877 1606 credendis,
901 1551 1063 1613 partim
1090 1550 1378 1611 intelligendis
1393 1569 1457 1596 re-

79 1620 163 1666 bus
186 1632 377 1674 constet;
404 1637 480 1665 nec
514 1621 568 1665 ad
593 1638 640 1665 ea
664 1637 763 1683 quae
796 1619 1075 1679 intelligenda
1108 1630 1207 1664 sunt
1238 1621 1455 1683 perveniri

79 1694 231 1756 possit,
252 1693 334 1737 nisi
351 1692 472 1755 prius
493 1692 707 1737 credenda
732 1693 965 1737 credantur
986 1710 996 1736 :
1022 1692 1243 1754 quomodo
1270 1693 1453 1738 creden-

80 1763 188 1808 dum
223 1772 284 1808 est
313 1763 352 1806 ei
384 1762 460 1823 qui
493 1772 621 1824 putat
658 1761 891 1825 aliquando
920 1777 1007 1806 esse
1042 1761 1338 1808 mentiendum
1354 1799 1366 1817 ,
1403 1780 1457 1809 ne

78 1833 190 1879 forte
207 1843 249 1878 et
266 1843 372 1878 tunc
389 1832 626 1877 mentiatur
644 1849 744 1877 011111
759 1832 962 1895 praecipit
983 1842 1030 1876 ut
1048 1831 1274 1878 credamus
1289 1836 1307 1878 ,Ὗ
1330 1833 1455 1879 Unde

80 1903 194 1948 enim
212 1902 310 1947 sciri
328 1912 486 1965 potest,
506 1912 652 1947 utrum
673 1912 714 1947 et
736 1913 839 1947 tunc
858 1901 1019 1947 habeat
1044 1901 1232 1964 aliquam
1259 1920 1451 1959 causam,

80 1972 191 2018 sicut
214 1972 305 2035 ipse
330 1982 473 2035 putat,
500 1971 678 2017 officiosi
703 1971 936 2025 mendacii,
964 1971 1205 2017 existimans
1223 1972 1328 2019 falsa
1349 1990 1454 2018 nar-

79 2042 243 2087 ratione
261 2040 482 2086 hominem
502 2042 698 2087 territum
714 2058 836 2104 posse
851 2058 874 2085 a
888 2040 1071 2086 libidine
1084 2039 1300 2098 cohiberi,
1322 2054 1452 2106 atque

81 2111 170 2156 hoc
205 2110 335 2156 modo
369 2112 498 2156 etiam
526 2111 577 2156 ad
609 2110 851 2173 spiritualia
883 2127 924 2156 se
951 2109 1173 2155 consulere
1206 2110 1454 2156 mentiendo

81 2180 344 2227 arbitretur?
371 2181 472 2237 Quo
496 2196 647 2240 genere
669 2179 853 2225 admisso
877 2189 1006 2243 atque
1029 2179 1294 2242 approbato,
1317 2180 1454 2225 omnis

80 2250 258 2295 omnino
290 2249 390 2295 fidei
414 2249 645 2312 disciplina
680 2250 978 2295 subvertitur:
999 2266 1085 2312 qua
1111 2249 1314 2295 subversa
1331 2286 1341 2304 ,
1377 2266 1452 2294 nec

79 2319 134 2365 ad
155 2319 481 2378 intelligentiam
505 2319 784 2381 pervenitur,
806 2319 878 2364 cui
898 2318 1124 2381 capiendae
1143 2319 1221 2363 ista
1246 2317 1450 2381 parvulos

79 2389 216 2434 nutrit
233 2405 243 2432 :
262 2399 390 2450 atque
408 2389 465 2433 ita
485 2388 624 2433 omnis
642 2387 839 2434 doctrina
859 2387 1049 2433 veritatis
1069 2386 1279 2441 aufertur,
1298 2385 1452 2430 cedens

78 2457 430 2504 licentiosissimae
449 2457 639 2514 falsitati,
664 2459 699 2504 si
718 2458 941 2504 mendacio
958 2457 1024 2503 vel
1042 2456 1232 2503 officioso
1250 2455 1451 2502 alicunde

77 2528 333 2592 penetrandi
343 2529 534 2592 aperitur
547 2528 679 2578 locus.
702 2528 792 2576 Aut
806 2530 917 2576 enim
935 2525 1190 2591 temporalia
1199 2528 1446 2584 commoda,

129 2611 138 2635 ¹
158 2612 240 2642 Gen,
257 2621 328 2656 xix,
346 2614 378 2646 8.
