1758 3246
450 318 617 350 :insuta
658 319 714 349 At)
752 318 912 350 suavos
951 317 1038 350 nm.
1343 307 1431 369 577

70 385 422 452 progrediantur,
445 384 517 432 sed
541 384 593 430 de
619 382 811 448 proximo
831 385 1118 444 corrigantur.
1156 383 1200 430 Si
1233 395 1374 432 autem
1395 397 1438 432 et

70 468 169 522 post
189 457 523 503 arlia-:mitionem
541 456 699 501 iterum
718 454 784 502 vel
805 453 887 500 alio
905 471 1183 518 quocumque
1200 454 1269 501 die
1282 494 1293 512 ,
1315 455 1437 521 idip-

71 542 167 573 sum
189 544 287 573 eum
309 527 446 572 facere
464 524 681 581 videritis,
706 528 796 584 jam
828 522 946 570 velut
977 523 1248 570 vulneratum
1281 542 1439 572 sanan-

71 596 177 642 dum
203 596 390 660 prodat,
427 595 691 659 quicumque
720 594 805 639 hoc
835 594 1026 656 potuerit
1055 593 1278 649 invenire3
1317 597 1440 659 prius

70 679 216 714 tamen
240 678 281 713 et
303 666 444 723 alteri,
468 666 533 713 vel
557 667 681 711 tertio
707 664 1048 710 demonstratum
1084 675 1132 710 ut
1164 664 1350 712 duorum
1374 668 1441 713 vel

70 737 200 782 trium
219 737 354 800 possit
376 753 448 781 ore
478 735 677 781 convinci
707 745 747 779 et
771 734 1033 797 competenti
1058 736 1278 781 severitate
1312 744 1441 783 coer-

72 807 172 854 ceri.
203 809 291 852 Nec
315 824 390 853 vos
406 806 607 866 judicetis
625 822 710 850 esse
733 805 957 851 malivolos
975 842 985 861 ,
1009 805 1185 868 quando
1214 806 1301 852 hoc
1323 807 1446 853 indi«

71 878 190 925 catis.
220 877 353 936 Magis
378 877 544 940 quippe
566 877 812 921 innocentes
845 893 932 921 non
957 877 1074 931 estis.
1108 876 1141 921 si
1172 876 1324 923 fratres
1348 895 1445 924 ves-

71 958 185 1004 tros,
211 965 319 1011 quos
342 946 579 993 indicando
611 946 822 1006 corrigere
855 947 1059 1009 potestis,
1095 947 1277 992 tacendo
1307 952 1446 1012 perire

68 1017 333 1081 permittitis.
374 1017 419 1062 Si
447 1017 559 1061 enim
588 1016 720 1061 frater
750 1027 849 1061 tuns
880 1015 1037 1062 vulnus
1059 1017 1241 1063 haberet
1265 1018 1310 1063 in
1339 1036 1443 1065 cor-

69 1105 202 1151 pore,
227 1086 345 1151 quod
368 1087 498 1133 vellet
528 1086 761 1142 occultari,
790 1086 895 1132 dum
926 1087 1095 1133 timeret
1114 1089 1264 1145 secari,
1304 1107 1446 1136 nonne

71 1157 302 1204 crudeliter
320 1158 397 1203 abs
422 1168 462 1203 te
479 1157 697 1213 sileretur,
724 1167 764 1202 et
790 1157 1123 1203 misericorditer
1147 1158 1443 1206 indicaretur-1³

71 1228 247 1285 Quanto
271 1245 369 1287 ergo
399 1227 545 1291 potius
569 1244 666 1273 eum
701 1226 830 1272 debes
866 1227 1136 1273 manifestare
1154 1266 1165 1284 ,
1186 1246 1239 1274 ne
1256 1228 1445 1276 deterius

68 1309 287 1361 putrescat
324 1299 370 1343 in
394 1297 524 1343 corde
548 1300 566 1343 ‘9
608 1297 691 1341 Sed
719 1307 948 1360 antequam
981 1297 1072 1343 aliis
1101 1297 1444 1357 demonstretur,

68 1385 148 1431 per
168 1385 275 1432 quos
295 1367 619 1414 convincendus
643 1377 725 1423 est,
750 1367 782 1412 si
807 1368 1048 1427 negaverit,
1072 1368 1192 1431 prius
1210 1372 1447 1434 praeposito

70 1439 200 1485 debet
222 1438 413 1495 ostendi,
447 1438 479 1483 si
510 1438 756 1484 admonitus
791 1439 1020 1497 neglexerit
1047 1440 1228 1499 corrigi,
1262 1458 1315 1486 ne
1337 1442 1446 1490 forte

66 1511 202 1574 possit
223 1510 424 1556 secretius
447 1520 672 1572 correptus
689 1526 778 1554 non
793 1509 1055 1555 innotescere
1075 1511 1253 1558 caeteris.
1287 1512 1330 1557 Si
1358 1531 1438 1559 au-

68 1591 155 1626 tem
173 1580 414 1640 negaverit,
442 1590 546 1625 tunc
574 1579 746 1639 neganti
767 1579 1006 1625 adhibendi
1025 1591 1125 1625 sunt
1147 1580 1218 1626 alii
1235 1619 1246 1637 ,
1282 1593 1330 1628 ut
1349 1587 1441 1643 jam

69 1667 214 1697 corani
240 1651 444 1696 omnibus
464 1650 599 1713 possit
614 1667 701 1695 non
721 1650 776 1695 ab
797 1667 882 1695 uno
904 1661 1004 1695 teste
1019 1651 1164 1711 argui,
1190 1651 1261 1697 sed
1286 1671 1309 1698 a
1334 1653 1440 1700 duo-

67 1723 152 1768 bus
178 1723 368 1768 tribusve
391 1721 605 1767 convinci.
639 1721 876 1767 Convictus
900 1739 1000 1767 vero
1019 1760 1028 1777 ,
1059 1723 1295 1769 secundum
1321 1742 1441 1788 prae-

66 1794 199 1858 positi
221 1793 290 1838 vel
315 1793 441 1838 etiam
460 1793 701 1856 presbyteri
719 1830 729 1849 ‚
754 1792 805 1837 ad
824 1796 948 1852 cujus
967 1793 1329 1856 dispensationem
1346 1814 1444 1860 per·

68 1864 194 1920 tinet,
217 1863 464 1918 arbitrium,
486 1862 616 1907 debet
635 1862 973 1908 emendatoriam
998 1864 1145 1909 subire
1171 1865 1406 1912 vindictam
1428 1886 1436 1912 :

68 1950 198 1996 quam
217 1933 251 1979 si
277 1932 385 1978 ferre
409 1933 696 1987 recusaverit,
729 1933 895 1978 etiamsi
923 1933 1014 1996 ipse
1044 1951 1131 1979 non
1162 1935 1438 1993 abscesserit,

68 2004 122 2050 de
144 2015 283 2050 vestra
310 2004 509 2049 societate
525 2003 796 2066 projiciatur.
823 2005 920 2049 Non
943 2005 1054 2049 enim
1086 2016 1127 2050 et
1150 2005 1235 2051 hoc
1259 2007 1309 2051 fit
1335 2025 1440 2054 cru-

68 2074 242 2132 deliter,
271 2074 343 2120 sed
367 2074 724 2130 misericorditer,
747 2092 799 2119 ne
822 2075 1076 2134 contagione
1107 2077 1303 2140 pestifera
1334 2079 1441 2141 plu-

67 2146 198 2192 rimos
222 2145 390 2209 perdat.
423 2145 478 2190 Et
506 2145 593 2189 hoc
624 2144 741 2207 quod
766 2144 853 2190 dixi
877 2144 928 2190 de
962 2145 1088 2191 oculo
1119 2164 1207 2192 non
1236 2148 1407 2207 figendo
1425 2187 1436 2205 ‚

66 2218 195 2263 etiam
215 2217 261 2263 in
284 2216 448 2262 caeteris
480 2215 745 2261 inveniendis
762 2252 773 2271 ,
814 2216 1101 2279 prohibendis
1116 2254 1126 2273 ,
1165 2217 1407 2264 indicandis
1423 2257 1433 2276 ,

67 2284 390 2341 convincendis,
414 2285 772 2350 vindicandisque
791 2287 981 2349 peccatis
997 2324 1007 2339 ‚
1030 2286 1255 2347 diligenter
1272 2297 1312 2333 et
1331 2289 1435 2334 fide-

65 2356 162 2404 liter
182 2359 432 2405 observetur
447 2394 458 2413 ,
491 2374 592 2402 cum
621 2356 851 2403 dilectione
874 2358 1099 2404 hominum
1122 2396 1132 2415 ,
1166 2370 1207 2404 et
1239 2359 1339 2405 odio
1363 2359 1434 2406 vi-

66 2431 240 2477 tiorum.
281 2429 559 2491 Quicumque
588 2439 730 2474 autem
762 2429 805 2474 in
836 2439 1004 2475 tantum
1035 2447 1282 2493 progressus
1306 2430 1436 2476 fuerit

66 2500 252 2554 malum,
275 2515 325 2546 ut
341 2499 512 2545 occulte
530 2499 586 2544 ab
606 2499 750 2562 aliqua
768 2499 928 2545 litteras
948 2500 1014 2546 vel
1032 2500 1239 2565 quaelibet
1258 2517 1434 2547 munus-

67 2570 166 2618 cula
190 2571 406 2635 accipiat,
433 2568 468 2614 si
485 2569 571 2615 hoc
596 2568 708 2615 ultro
742 2571 1003 2627 confitetur,
1038 2581 1245 2635 parcatur
1273 2570 1333 2618 illi
1351 2608 1364 2629 ‚
1392 2581 1433 2618 et

66 2653 212 2690 oretur
232 2659 313 2707 pro
330 2640 418 2687 illo.
449 2639 494 2686 Si
520 2650 662 2687 autem
681 2640 1023 2704 deprehenditur
1055 2653 1183 2706 atque
1207 2641 1431 2690 convinciu

196 2725 382 2760 cxxxm.
1250 2714 1305 2777 37
