<?xml version="1.0" encoding="UTF-8"?>
<!DOCTYPE html PUBLIC "-//W3C//DTD XHTML 1.0 Transitional//EN"
    "http://www.w3.org/TR/xhtml1/DTD/xhtml1-transitional.dtd">
<html xmlns="http://www.w3.org/1999/xhtml" xml:lang="en" lang="en">
 <head>
  <title>
</title>
<meta http-equiv="Content-Type" content="text/html;charset=utf-8" />
  <meta name='ocr-system' content='tesseract 3.04.00' />
  <meta name='ocr-capabilities' content='ocr_page ocr_carea ocr_par ocr_line ocrx_word'/>
</head>
<body>
  <div class='ocr_page' id='page_1' title='image "./operaomniaaccura26auguuoft/operaomniaaccura26auguuoft_0187.png"; bbox 0 0 1758 3246; ppageno 0'>
   <div class='ocr_carea' id='block_1_1' title="bbox 12 256 1429 321">
    <p class='ocr_par' dir='ltr' id='par_1_1' title="bbox 12 256 1429 321">
     <span class='ocr_line' id='line_1_1' title="bbox 12 256 1429 321; baseline 0.001 -17"><span class='ocrx_word' id='word_1_1' title='bbox 12 256 15 279; x_wconf 70' lang='lat'>³</span> <span class='ocrx_word' id='word_1_2' title='bbox 62 271 365 305; x_wconf 63' lang='lat' dir='ltr'>txcnmimou</span> <span class='ocrx_word' id='word_1_3' title='bbox 402 271 458 302; x_wconf 70' lang='lat' dir='ltr'>nn</span> <span class='ocrx_word' id='word_1_4' title='bbox 495 270 614 313; x_wconf 70' lang='lat' dir='ltr'>nnn,</span> <span class='ocrx_word' id='word_1_5' title='bbox 641 270 717 302; x_wconf 69' lang='lat' dir='ltr'>51³ss</span> <span class='ocrx_word' id='word_1_6' title='bbox 750 271 802 301; x_wconf 75' lang='lat' dir='ltr'>ET</span> <span class='ocrx_word' id='word_1_7' title='bbox 838 270 1105 308; x_wconf 72' lang='lat' dir='ltr'>anm‘rATz,</span> <span class='ocrx_word' id='word_1_8' title='bbox 1136 273 1220 306; x_wconf 75' lang='lat' dir='ltr'>mn.</span> <span class='ocrx_word' id='word_1_9' title='bbox 1265 274 1294 304; x_wconf 89' lang='lat'>1.</span> <span class='ocrx_word' id='word_1_10' title='bbox 1344 260 1429 321; x_wconf 78' lang='lat'>¹73</span> 
     </span>
    </p>
   </div>
   <div class='ocr_carea' id='block_1_2' title="bbox 8 335 1434 608">
    <p class='ocr_par' dir='ltr' id='par_1_2' title="bbox 8 335 1434 608">
     <span class='ocr_line' id='line_1_2' title="bbox 11 335 1430 401; baseline 0 -18"><span class='ocrx_word' id='word_1_11' title='bbox 11 337 13 344; x_wconf 59' lang='lat'><strong><em>⁴</em></strong></span> <span class='ocrx_word' id='word_1_12' title='bbox 58 337 241 384; x_wconf 84' lang='lat' dir='ltr'>buntur.</span> <span class='ocrx_word' id='word_1_13' title='bbox 270 336 400 394; x_wconf 88' lang='lat' dir='ltr'>Quod</span> <span class='ocrx_word' id='word_1_14' title='bbox 423 352 523 381; x_wconf 77' lang='lat' dir='ltr'>vero</span> <span class='ocrx_word' id='word_1_15' title='bbox 537 335 747 381; x_wconf 75' lang='lat' dir='ltr'>dicimust</span> <span class='ocrx_word' id='word_1_16' title='bbox 777 357 797 377; x_wconf 89' lang='lat'>«</span> <span class='ocrx_word' id='word_1_17' title='bbox 817 337 980 381; x_wconf 88' lang='lat' dir='ltr'>Panem</span> <span class='ocrx_word' id='word_1_18' title='bbox 996 347 1191 382; x_wconf 89' lang='lat' dir='ltr'>nostrum</span> <span class='ocrx_word' id='word_1_19' title='bbox 1215 337 1430 401; x_wconf 83' lang='lat' dir='ltr'>quotidia-</span> 
     </span>
     <span class='ocr_line' id='line_1_3' title="bbox 10 406 1434 465; baseline 0.003 -16"><span class='ocrx_word' id='word_1_20' title='bbox 10 419 13 457; x_wconf 60' lang='grc' dir='ltr'><strong>ξ</strong></span> <span class='ocrx_word' id='word_1_21' title='bbox 58 426 83 450; x_wconf 80' lang='grc'>&gt;&gt;</span> <span class='ocrx_word' id='word_1_22' title='bbox 108 425 213 453; x_wconf 91' lang='lat' dir='ltr'>num</span> <span class='ocrx_word' id='word_1_23' title='bbox 233 408 288 453; x_wconf 90' lang='lat' dir='ltr'>da</span> <span class='ocrx_word' id='word_1_24' title='bbox 310 406 436 452; x_wconf 89' lang='lat' dir='ltr'>nobis</span> <span class='ocrx_word' id='word_1_25' title='bbox 452 406 601 462; x_wconf 79' lang='lat' dir='ltr'>hodie,</span> <span class='ocrx_word' id='word_1_26' title='bbox 622 416 664 451; x_wconf 91' lang='lat' dir='ltr'>et</span> <span class='ocrx_word' id='word_1_27' title='bbox 682 406 852 452; x_wconf 87' lang='lat' dir='ltr'>dimitte</span> <span class='ocrx_word' id='word_1_28' title='bbox 869 406 995 452; x_wconf 87' lang='lat' dir='ltr'>nobis</span> <span class='ocrx_word' id='word_1_29' title='bbox 1014 406 1162 451; x_wconf 88' lang='lat' dir='ltr'>debita</span> <span class='ocrx_word' id='word_1_30' title='bbox 1185 419 1329 453; x_wconf 87' lang='lat' dir='ltr'>nostra</span> <span class='ocrx_word' id='word_1_31' title='bbox 1346 445 1358 465; x_wconf 90' lang='grc'><strong>,</strong></span> <span class='ocrx_word' id='word_1_32' title='bbox 1381 408 1434 453; x_wconf 86' lang='lat' dir='ltr'>si-</span> 
     </span>
     <span class='ocr_line' id='line_1_4' title="bbox 9 475 1428 522; baseline 0.001 -1"><span class='ocrx_word' id='word_1_33' title='bbox 9 509 11 521; x_wconf 54' lang='lat'>,</span> <span class='ocrx_word' id='word_1_34' title='bbox 59 497 83 519; x_wconf 80' lang='lat'>&gt;›</span> <span class='ocrx_word' id='word_1_35' title='bbox 100 489 175 522; x_wconf 89' lang='lat' dir='ltr'>cut</span> <span class='ocrx_word' id='word_1_36' title='bbox 191 488 233 522; x_wconf 88' lang='lat' dir='ltr'>et</span> <span class='ocrx_word' id='word_1_37' title='bbox 250 493 328 522; x_wconf 87' lang='lat' dir='ltr'>nos</span> <span class='ocrx_word' id='word_1_38' title='bbox 340 475 599 521; x_wconf 81' lang='lat' dir='ltr'>dimittimus</span> <span class='ocrx_word' id='word_1_39' title='bbox 617 475 892 521; x_wconf 85' lang='lat' dir='ltr'>debitoribus</span> <span class='ocrx_word' id='word_1_40' title='bbox 914 476 1082 522; x_wconf 84' lang='lat' dir='ltr'>nostris.</span> <span class='ocrx_word' id='word_1_41' title='bbox 1126 478 1180 520; x_wconf 86' lang='lat' dir='ltr'>Et</span> <span class='ocrx_word' id='word_1_42' title='bbox 1196 494 1248 521; x_wconf 87' lang='lat' dir='ltr'>ne</span> <span class='ocrx_word' id='word_1_43' title='bbox 1265 495 1342 522; x_wconf 91' lang='lat' dir='ltr'>nos</span> <span class='ocrx_word' id='word_1_44' title='bbox 1364 479 1428 522; x_wconf 91' lang='lat' dir='ltr'>in-</span> 
     </span>
     <span class='ocr_line' id='line_1_5' title="bbox 8 537 1433 608; baseline 0.003 -20"><span class='ocrx_word' id='word_1_45' title='bbox 8 537 11 582; x_wconf 53' lang='lat' dir='ltr'><em>f</em></span> <span class='ocrx_word' id='word_1_46' title='bbox 58 566 83 588; x_wconf 69' lang='lat'>³&gt;</span> <span class='ocrx_word' id='word_1_47' title='bbox 104 545 212 592; x_wconf 87' lang='lat' dir='ltr'>feras</span> <span class='ocrx_word' id='word_1_48' title='bbox 233 546 279 591; x_wconf 90' lang='lat' dir='ltr'>in</span> <span class='ocrx_word' id='word_1_49' title='bbox 301 545 578 591; x_wconf 83' lang='lat' dir='ltr'>tentationem</span> <span class='ocrx_word' id='word_1_50' title='bbox 595 583 606 601; x_wconf 87' lang='lat'><strong><em>‚</em></strong></span> <span class='ocrx_word' id='word_1_51' title='bbox 646 545 719 591; x_wconf 90' lang='lat' dir='ltr'>sed</span> <span class='ocrx_word' id='word_1_52' title='bbox 736 545 958 591; x_wconf 87' lang='lat' dir='ltr'>liberanos</span> <span class='ocrx_word' id='word_1_53' title='bbox 972 563 995 590; x_wconf 88' lang='lat' dir='ltr'>a</span> <span class='ocrx_word' id='word_1_54' title='bbox 1016 544 1132 590; x_wconf 86' lang='lat' dir='ltr'>malo</span> <span class='ocrx_word' id='word_1_55' title='bbox 1144 544 1162 573; x_wconf 68' lang='lat'><strong>1</strong></span> <span class='ocrx_word' id='word_1_56' title='bbox 1178 567 1216 600; x_wconf 85' lang='grc'>,»</span> <span class='ocrx_word' id='word_1_57' title='bbox 1235 547 1331 608; x_wconf 89' lang='lat' dir='ltr'>quis</span> <span class='ocrx_word' id='word_1_58' title='bbox 1347 564 1433 592; x_wconf 90' lang='lat' dir='ltr'>non</span> 
     </span>
    </p>
   </div>
   <div class='ocr_carea' id='block_1_3' title="bbox 59 614 1431 678">
    <p class='ocr_par' dir='ltr' id='par_1_3' title="bbox 59 614 1431 678">
     <span class='ocr_line' id='line_1_6' title="bbox 59 614 1431 678; baseline -0.001 -16"><span class='ocrx_word' id='word_1_59' title='bbox 59 615 205 662; x_wconf 87' lang='lat' dir='ltr'>videat</span> <span class='ocrx_word' id='word_1_60' title='bbox 238 615 291 661; x_wconf 87' lang='lat' dir='ltr'>ad</span> <span class='ocrx_word' id='word_1_61' title='bbox 318 616 545 678; x_wconf 81' lang='lat' dir='ltr'>praesentis</span> <span class='ocrx_word' id='word_1_62' title='bbox 581 616 684 661; x_wconf 85' lang='lat' dir='ltr'>vitae</span> <span class='ocrx_word' id='word_1_63' title='bbox 718 614 1001 675; x_wconf 84' lang='lat' dir='ltr'>indigentiam</span> <span class='ocrx_word' id='word_1_64' title='bbox 1024 615 1270 678; x_wconf 69' lang='lat' dir='ltr'>pertinere?</span> <span class='ocrx_word' id='word_1_65' title='bbox 1293 616 1339 660; x_wconf 86' lang='lat' dir='ltr'>in</span> <span class='ocrx_word' id='word_1_66' title='bbox 1360 615 1431 660; x_wconf 86' lang='lat' dir='ltr'>illa</span> 
     </span>
    </p>
   </div>
   <div class='ocr_carea' id='block_1_4' title="bbox 5 684 1437 962">
    <p class='ocr_par' dir='ltr' id='par_1_4' title="bbox 5 684 1437 962">
     <span class='ocr_line' id='line_1_7' title="bbox 7 684 1436 750; baseline -0.001 -18"><span class='ocrx_word' id='word_1_67' title='bbox 7 704 10 719; x_wconf 88' lang='lat'><em>·</em></span> <span class='ocrx_word' id='word_1_68' title='bbox 58 686 205 750; x_wconf 90' lang='lat' dir='ltr'>itaque</span> <span class='ocrx_word' id='word_1_69' title='bbox 229 685 318 732; x_wconf 84' lang='lat' dir='ltr'>vita</span> <span class='ocrx_word' id='word_1_70' title='bbox 341 696 502 732; x_wconf 84' lang='lat' dir='ltr'>aeterna</span> <span class='ocrx_word' id='word_1_71' title='bbox 523 687 600 732; x_wconf 83' lang='lat' dir='ltr'>ubi</span> <span class='ocrx_word' id='word_1_72' title='bbox 623 703 700 732; x_wconf 88' lang='lat' dir='ltr'>nos</span> <span class='ocrx_word' id='word_1_73' title='bbox 735 703 904 749; x_wconf 85' lang='lat' dir='ltr'>semper</span> <span class='ocrx_word' id='word_1_74' title='bbox 925 702 1148 749; x_wconf 88' lang='lat' dir='ltr'>speramus</span> <span class='ocrx_word' id='word_1_75' title='bbox 1169 684 1341 731; x_wconf 90' lang='lat' dir='ltr'>futuros</span> <span class='ocrx_word' id='word_1_76' title='bbox 1358 722 1368 741; x_wconf 84' lang='lat'><strong>‚</strong></span> <span class='ocrx_word' id='word_1_77' title='bbox 1396 697 1436 730; x_wconf 84' lang='lat' dir='ltr'>et</span> 
     </span>
     <span class='ocr_line' id='line_1_8' title="bbox 6 750 1437 817; baseline -0.001 -15"><span class='ocrx_word' id='word_1_78' title='bbox 6 750 10 794; x_wconf 69' lang='grc' dir='ltr'><strong><em>Ϊ</em></strong></span> <span class='ocrx_word' id='word_1_79' title='bbox 55 757 246 802; x_wconf 85' lang='lat' dir='ltr'>nominis</span> <span class='ocrx_word' id='word_1_80' title='bbox 274 757 355 802; x_wconf 85' lang='lat' dir='ltr'>Dei</span> <span class='ocrx_word' id='word_1_81' title='bbox 389 757 675 802; x_wconf 83' lang='lat' dir='ltr'>sanctificatio</span> <span class='ocrx_word' id='word_1_82' title='bbox 694 794 705 813; x_wconf 84' lang='grc'><strong>,</strong></span> <span class='ocrx_word' id='word_1_83' title='bbox 739 768 780 802; x_wconf 88' lang='lat' dir='ltr'>et</span> <span class='ocrx_word' id='word_1_84' title='bbox 802 774 983 817; x_wconf 81' lang='lat' dir='ltr'>regnum</span> <span class='ocrx_word' id='word_1_85' title='bbox 1013 760 1129 816; x_wconf 84' lang='lat' dir='ltr'>ejus,</span> <span class='ocrx_word' id='word_1_86' title='bbox 1175 767 1216 801; x_wconf 89' lang='lat' dir='ltr'>et</span> <span class='ocrx_word' id='word_1_87' title='bbox 1237 755 1437 802; x_wconf 81' lang='lat' dir='ltr'>voluntas</span> 
     </span>
     <span class='ocr_line' id='line_1_9' title="bbox 6 826 1437 891; baseline -0.001 -20"><span class='ocrx_word' id='word_1_88' title='bbox 6 866 7 870; x_wconf 74' lang='grc'><strong>,</strong></span> <span class='ocrx_word' id='word_1_89' title='bbox 56 829 150 885; x_wconf 81' lang='lat' dir='ltr'>ers</span> <span class='ocrx_word' id='word_1_90' title='bbox 171 827 217 872; x_wconf 91' lang='lat' dir='ltr'>in</span> <span class='ocrx_word' id='word_1_91' title='bbox 242 836 389 872; x_wconf 88' lang='lat' dir='ltr'>nostro</span> <span class='ocrx_word' id='word_1_92' title='bbox 407 826 562 889; x_wconf 89' lang='lat' dir='ltr'>spiritu</span> <span class='ocrx_word' id='word_1_93' title='bbox 581 837 623 872; x_wconf 90' lang='lat' dir='ltr'>et</span> <span class='ocrx_word' id='word_1_94' title='bbox 643 844 826 891; x_wconf 86' lang='lat' dir='ltr'>corpore</span> <span class='ocrx_word' id='word_1_95' title='bbox 848 827 1037 891; x_wconf 86' lang='lat' dir='ltr'>perfecte</span> <span class='ocrx_word' id='word_1_96' title='bbox 1057 837 1183 890; x_wconf 85' lang='lat' dir='ltr'>atque</span> <span class='ocrx_word' id='word_1_97' title='bbox 1206 826 1437 871; x_wconf 83' lang='lat' dir='ltr'>immorta-</span> 
     </span>
     <span class='ocr_line' id='line_1_10' title="bbox 5 895 1437 962; baseline 0 -21"><span class='ocrx_word' id='word_1_98' title='bbox 5 917 7 930; x_wconf 82' lang='lat'><em>=</em></span> <span class='ocrx_word' id='word_1_99' title='bbox 59 895 158 942; x_wconf 79' lang='lat' dir='ltr'>liter</span> <span class='ocrx_word' id='word_1_100' title='bbox 194 898 532 960; x_wconf 83' lang='lat' dir='ltr'>permanebunt.</span> <span class='ocrx_word' id='word_1_101' title='bbox 565 898 695 943; x_wconf 88' lang='lat' dir='ltr'>Panis</span> <span class='ocrx_word' id='word_1_102' title='bbox 720 916 821 944; x_wconf 74' lang='lat' dir='ltr'>vero</span> <span class='ocrx_word' id='word_1_103' title='bbox 856 898 1137 962; x_wconf 87' lang='lat' dir='ltr'>quotidianus</span> <span class='ocrx_word' id='word_1_104' title='bbox 1173 896 1269 942; x_wconf 92' lang='lat' dir='ltr'>ideo</span> <span class='ocrx_word' id='word_1_105' title='bbox 1295 896 1437 942; x_wconf 83' lang='lat' dir='ltr'>dictus</span> 
     </span>
    </p>
   </div>
   <div class='ocr_carea' id='block_1_5' title="bbox 51 966 1440 2008">
    <p class='ocr_par' dir='ltr' id='par_1_5' title="bbox 51 966 1440 2008">
     <span class='ocr_line' id='line_1_11' title="bbox 56 966 1438 1031; baseline 0.001 -21"><span class='ocrx_word' id='word_1_106' title='bbox 56 976 142 1021; x_wconf 80' lang='lat' dir='ltr'>est,</span> <span class='ocrx_word' id='word_1_107' title='bbox 160 967 263 1029; x_wconf 84' lang='lat' dir='ltr'>quia</span> <span class='ocrx_word' id='word_1_108' title='bbox 297 966 372 1011; x_wconf 89' lang='lat' dir='ltr'>hic</span> <span class='ocrx_word' id='word_1_109' title='bbox 397 977 459 1012; x_wconf 85' lang='lat' dir='ltr'>est</span> <span class='ocrx_word' id='word_1_110' title='bbox 493 968 778 1024; x_wconf 83' lang='lat' dir='ltr'>necessarius,</span> <span class='ocrx_word' id='word_1_111' title='bbox 821 979 1009 1031; x_wconf 86' lang='lat' dir='ltr'>quantus</span> <span class='ocrx_word' id='word_1_112' title='bbox 1047 967 1203 1012; x_wconf 83' lang='lat' dir='ltr'>animae</span> <span class='ocrx_word' id='word_1_113' title='bbox 1230 967 1438 1029; x_wconf 85' lang='lat' dir='ltr'>carnique</span> 
     </span>
     <span class='ocr_line' id='line_1_12' title="bbox 58 1035 1438 1100; baseline 0.001 -20"><span class='ocrx_word' id='word_1_114' title='bbox 58 1035 318 1081; x_wconf 82' lang='lat' dir='ltr'>tribuendus</span> <span class='ocrx_word' id='word_1_115' title='bbox 336 1046 397 1081; x_wconf 88' lang='lat' dir='ltr'>est</span> <span class='ocrx_word' id='word_1_116' title='bbox 415 1037 502 1081; x_wconf 83' lang='lat' dir='ltr'>sive</span> <span class='ocrx_word' id='word_1_117' title='bbox 527 1037 792 1100; x_wconf 78' lang='lat' dir='ltr'>spiritaliter,</span> <span class='ocrx_word' id='word_1_118' title='bbox 825 1038 912 1082; x_wconf 75' lang='lat' dir='ltr'>sive</span> <span class='ocrx_word' id='word_1_119' title='bbox 933 1036 1182 1091; x_wconf 81' lang='lat' dir='ltr'>carnaliter,</span> <span class='ocrx_word' id='word_1_120' title='bbox 1210 1036 1296 1081; x_wconf 77' lang='lat' dir='ltr'>sive</span> <span class='ocrx_word' id='word_1_121' title='bbox 1321 1046 1438 1082; x_wconf 89' lang='lat' dir='ltr'>utro-</span> 
     </span>
     <span class='ocr_line' id='line_1_13' title="bbox 55 1105 1439 1170; baseline 0 -18"><span class='ocrx_word' id='word_1_122' title='bbox 55 1123 143 1170; x_wconf 88' lang='lat' dir='ltr'>que</span> <span class='ocrx_word' id='word_1_123' title='bbox 164 1105 430 1165; x_wconf 82' lang='lat' dir='ltr'>intelligatur</span> <span class='ocrx_word' id='word_1_124' title='bbox 453 1106 600 1152; x_wconf 90' lang='lat' dir='ltr'>modo.</span> <span class='ocrx_word' id='word_1_125' title='bbox 632 1107 716 1151; x_wconf 90' lang='lat' dir='ltr'>Hic</span> <span class='ocrx_word' id='word_1_126' title='bbox 728 1117 790 1152; x_wconf 89' lang='lat' dir='ltr'>est</span> <span class='ocrx_word' id='word_1_127' title='bbox 810 1107 939 1152; x_wconf 86' lang='lat' dir='ltr'>etiam</span> <span class='ocrx_word' id='word_1_128' title='bbox 975 1124 1106 1170; x_wconf 88' lang='lat' dir='ltr'>quam</span> <span class='ocrx_word' id='word_1_129' title='bbox 1126 1106 1348 1169; x_wconf 89' lang='lat' dir='ltr'>poscimus</span> <span class='ocrx_word' id='word_1_130' title='bbox 1366 1124 1439 1152; x_wconf 90' lang='lat' dir='ltr'>re-</span> 
     </span>
     <span class='ocr_line' id='line_1_14' title="bbox 57 1175 1438 1239; baseline 0 -18"><span class='ocrx_word' id='word_1_131' title='bbox 57 1175 202 1221; x_wconf 86' lang='lat' dir='ltr'>missio</span> <span class='ocrx_word' id='word_1_132' title='bbox 220 1212 230 1231; x_wconf 90' lang='lat'>,</span> <span class='ocrx_word' id='word_1_133' title='bbox 274 1175 352 1220; x_wconf 75' lang='lat' dir='ltr'>ubi</span> <span class='ocrx_word' id='word_1_134' title='bbox 380 1185 442 1220; x_wconf 87' lang='lat' dir='ltr'>est</span> <span class='ocrx_word' id='word_1_135' title='bbox 473 1175 716 1221; x_wconf 83' lang='lat' dir='ltr'>commissio</span> <span class='ocrx_word' id='word_1_136' title='bbox 739 1187 1051 1239; x_wconf 82' lang='lat' dir='ltr'>peccatorum3</span> <span class='ocrx_word' id='word_1_137' title='bbox 1078 1176 1154 1221; x_wconf 90' lang='lat' dir='ltr'>hic</span> <span class='ocrx_word' id='word_1_138' title='bbox 1181 1177 1438 1221; x_wconf 83' lang='lat' dir='ltr'>tentationes</span> 
     </span>
     <span class='ocr_line' id='line_1_15' title="bbox 56 1244 1438 1309; baseline 0.001 -19"><span class='ocrx_word' id='word_1_139' title='bbox 56 1262 159 1309; x_wconf 88' lang='lat' dir='ltr'>quae</span> <span class='ocrx_word' id='word_1_140' title='bbox 182 1263 261 1290; x_wconf 89' lang='lat' dir='ltr'>nos</span> <span class='ocrx_word' id='word_1_141' title='bbox 291 1244 344 1290; x_wconf 87' lang='lat' dir='ltr'>ad</span> <span class='ocrx_word' id='word_1_142' title='bbox 365 1244 641 1308; x_wconf 84' lang='lat' dir='ltr'>peccandum</span> <span class='ocrx_word' id='word_1_143' title='bbox 666 1246 734 1291; x_wconf 82' lang='lat' dir='ltr'>vel</span> <span class='ocrx_word' id='word_1_144' title='bbox 759 1246 958 1292; x_wconf 88' lang='lat' dir='ltr'>alliciunt</span> <span class='ocrx_word' id='word_1_145' title='bbox 980 1247 1047 1292; x_wconf 81' lang='lat' dir='ltr'>vel</span> <span class='ocrx_word' id='word_1_146' title='bbox 1083 1245 1343 1309; x_wconf 78' lang='lat' dir='ltr'>impellunt3</span> <span class='ocrx_word' id='word_1_147' title='bbox 1362 1247 1438 1291; x_wconf 85' lang='lat' dir='ltr'>hic</span> 
     </span>
     <span class='ocr_line' id='line_1_16' title="bbox 58 1314 1438 1379; baseline 0 -19"><span class='ocrx_word' id='word_1_148' title='bbox 58 1315 245 1379; x_wconf 87' lang='lat' dir='ltr'>denique</span> <span class='ocrx_word' id='word_1_149' title='bbox 268 1314 432 1360; x_wconf 88' lang='lat' dir='ltr'>malum</span> <span class='ocrx_word' id='word_1_150' title='bbox 458 1315 574 1360; x_wconf 91' lang='lat' dir='ltr'>unde</span> <span class='ocrx_word' id='word_1_151' title='bbox 589 1316 792 1379; x_wconf 89' lang='lat' dir='ltr'>cupimus</span> <span class='ocrx_word' id='word_1_152' title='bbox 815 1316 991 1362; x_wconf 86' lang='lat' dir='ltr'>liberari</span> <span class='ocrx_word' id='word_1_153' title='bbox 1012 1335 1022 1361; x_wconf 73' lang='grc' dir='ltr'>ε</span> <span class='ocrx_word' id='word_1_154' title='bbox 1051 1317 1142 1361; x_wconf 89' lang='lat' dir='ltr'>illic</span> <span class='ocrx_word' id='word_1_155' title='bbox 1165 1327 1306 1361; x_wconf 84' lang='lat' dir='ltr'>autem</span> <span class='ocrx_word' id='word_1_156' title='bbox 1326 1315 1438 1361; x_wconf 87' lang='lat' dir='ltr'>nihil</span> 
     </span>
     <span class='ocr_line' id='line_1_17' title="bbox 57 1383 1435 1443; baseline -0.001 -13"><span class='ocrx_word' id='word_1_157' title='bbox 57 1383 239 1430; x_wconf 86' lang='lat' dir='ltr'>istorum</span> <span class='ocrx_word' id='word_1_158' title='bbox 263 1395 338 1431; x_wconf 89' lang='lat' dir='ltr'>est.</span> <span class='ocrx_word' id='word_1_159' title='bbox 379 1385 651 1443; x_wconf 82' lang='lat' dir='ltr'>Evangelista</span> <span class='ocrx_word' id='word_1_160' title='bbox 678 1401 779 1429; x_wconf 76' lang='lat' dir='ltr'>vero</span> <span class='ocrx_word' id='word_1_161' title='bbox 819 1386 962 1430; x_wconf 84' lang='lat' dir='ltr'>Lucas</span> <span class='ocrx_word' id='word_1_162' title='bbox 1006 1387 1052 1430; x_wconf 91' lang='lat' dir='ltr'>in</span> <span class='ocrx_word' id='word_1_163' title='bbox 1095 1386 1303 1431; x_wconf 87' lang='lat' dir='ltr'>Oratione</span> <span class='ocrx_word' id='word_1_164' title='bbox 1338 1386 1435 1430; x_wconf 91' lang='lat' dir='ltr'>Do-</span> 
     </span>
     <span class='ocr_line' id='line_1_18' title="bbox 56 1454 1436 1518; baseline -0.001 -17"><span class='ocrx_word' id='word_1_165' title='bbox 56 1455 220 1501; x_wconf 87' lang='lat' dir='ltr'>minica</span> <span class='ocrx_word' id='word_1_166' title='bbox 232 1454 462 1517; x_wconf 85' lang='lat' dir='ltr'>petitiones</span> <span class='ocrx_word' id='word_1_167' title='bbox 480 1472 570 1500; x_wconf 92' lang='lat' dir='ltr'>non</span> <span class='ocrx_word' id='word_1_168' title='bbox 590 1464 771 1517; x_wconf 86' lang='lat' dir='ltr'>septem,</span> <span class='ocrx_word' id='word_1_169' title='bbox 788 1455 862 1500; x_wconf 89' lang='lat' dir='ltr'>sed</span> <span class='ocrx_word' id='word_1_170' title='bbox 874 1455 1069 1518; x_wconf 90' lang='lat' dir='ltr'>quinque</span> <span class='ocrx_word' id='word_1_171' title='bbox 1084 1457 1335 1518; x_wconf 88' lang='lat' dir='ltr'>complexus</span> <span class='ocrx_word' id='word_1_172' title='bbox 1353 1466 1436 1500; x_wconf 92' lang='lat' dir='ltr'>est:</span> 
     </span>
     <span class='ocr_line' id='line_1_19' title="bbox 57 1524 1439 1589; baseline -0.001 -18"><span class='ocrx_word' id='word_1_173' title='bbox 57 1543 137 1571; x_wconf 87' lang='lat' dir='ltr'>nec</span> <span class='ocrx_word' id='word_1_174' title='bbox 159 1525 214 1570; x_wconf 87' lang='lat' dir='ltr'>ab</span> <span class='ocrx_word' id='word_1_175' title='bbox 236 1526 316 1570; x_wconf 91' lang='lat' dir='ltr'>isto</span> <span class='ocrx_word' id='word_1_176' title='bbox 337 1525 486 1588; x_wconf 89' lang='lat' dir='ltr'>utique</span> <span class='ocrx_word' id='word_1_177' title='bbox 507 1524 771 1588; x_wconf 75' lang='lat' dir='ltr'>discrepavit</span> <span class='ocrx_word' id='word_1_178' title='bbox 787 1562 797 1581; x_wconf 86' lang='grc'><strong>,</strong></span> <span class='ocrx_word' id='word_1_179' title='bbox 823 1525 897 1570; x_wconf 90' lang='lat' dir='ltr'>sed</span> <span class='ocrx_word' id='word_1_180' title='bbox 921 1525 1143 1588; x_wconf 88' lang='lat' dir='ltr'>quomodo</span> <span class='ocrx_word' id='word_1_181' title='bbox 1162 1526 1256 1570; x_wconf 70' lang='lat' dir='ltr'>istae</span> <span class='ocrx_word' id='word_1_182' title='bbox 1275 1536 1439 1589; x_wconf 88' lang='lat' dir='ltr'>septem</span> 
     </span>
     <span class='ocr_line' id='line_1_20' title="bbox 57 1595 1436 1658; baseline -0.001 -17"><span class='ocrx_word' id='word_1_183' title='bbox 57 1596 144 1641; x_wconf 87' lang='lat' dir='ltr'>sint</span> <span class='ocrx_word' id='word_1_184' title='bbox 162 1595 480 1654; x_wconf 64' lang='lat' dir='ltr'>intelligendae,</span> <span class='ocrx_word' id='word_1_185' title='bbox 504 1595 598 1658; x_wconf 88' lang='lat' dir='ltr'>ipsa</span> <span class='ocrx_word' id='word_1_186' title='bbox 622 1612 697 1640; x_wconf 83' lang='lat' dir='ltr'>sua</span> <span class='ocrx_word' id='word_1_187' title='bbox 719 1595 930 1640; x_wconf 85' lang='lat' dir='ltr'>brevitate</span> <span class='ocrx_word' id='word_1_188' title='bbox 948 1596 1234 1641; x_wconf 89' lang='lat' dir='ltr'>commonuit.</span> <span class='ocrx_word' id='word_1_189' title='bbox 1266 1597 1436 1640; x_wconf 89' lang='lat' dir='ltr'>Nomen</span> 
     </span>
     <span class='ocr_line' id='line_1_21' title="bbox 51 1665 1433 1729; baseline -0.001 -19"><span class='ocrx_word' id='word_1_190' title='bbox 51 1667 222 1729; x_wconf 82' lang='lat' dir='ltr'>quippe</span> <span class='ocrx_word' id='word_1_191' title='bbox 263 1665 343 1709; x_wconf 87' lang='lat' dir='ltr'>Dei</span> <span class='ocrx_word' id='word_1_192' title='bbox 365 1665 659 1710; x_wconf 84' lang='lat' dir='ltr'>sanctificatur</span> <span class='ocrx_word' id='word_1_193' title='bbox 696 1665 741 1709; x_wconf 93' lang='lat' dir='ltr'>in</span> <span class='ocrx_word' id='word_1_194' title='bbox 765 1665 947 1727; x_wconf 85' lang='lat' dir='ltr'>spiritu,</span> <span class='ocrx_word' id='word_1_195' title='bbox 981 1665 1061 1709; x_wconf 91' lang='lat' dir='ltr'>Dei</span> <span class='ocrx_word' id='word_1_196' title='bbox 1086 1675 1229 1710; x_wconf 90' lang='lat' dir='ltr'>autem</span> <span class='ocrx_word' id='word_1_197' title='bbox 1253 1681 1433 1723; x_wconf 84' lang='lat' dir='ltr'>regnum</span> 
     </span>
     <span class='ocr_line' id='line_1_22' title="bbox 54 1734 1438 1794; baseline -0.001 -13"><span class='ocrx_word' id='word_1_198' title='bbox 54 1736 102 1782; x_wconf 84' lang='lat' dir='ltr'>in</span> <span class='ocrx_word' id='word_1_199' title='bbox 128 1735 268 1780; x_wconf 84' lang='lat' dir='ltr'>carnis</span> <span class='ocrx_word' id='word_1_200' title='bbox 294 1734 603 1779; x_wconf 86' lang='lat' dir='ltr'>resurrectione</span> <span class='ocrx_word' id='word_1_201' title='bbox 628 1744 860 1780; x_wconf 79' lang='lat' dir='ltr'>venturum</span> <span class='ocrx_word' id='word_1_202' title='bbox 876 1745 950 1780; x_wconf 88' lang='lat' dir='ltr'>est.</span> <span class='ocrx_word' id='word_1_203' title='bbox 977 1734 1220 1780; x_wconf 88' lang='lat' dir='ltr'>Ostendens</span> <span class='ocrx_word' id='word_1_204' title='bbox 1235 1752 1335 1794; x_wconf 86' lang='lat' dir='ltr'>ergo</span> <span class='ocrx_word' id='word_1_205' title='bbox 1352 1737 1438 1780; x_wconf 94' lang='lat' dir='ltr'>Lu-</span> 
     </span>
     <span class='ocr_line' id='line_1_23' title="bbox 58 1804 1440 1868; baseline -0.001 -16"><span class='ocrx_word' id='word_1_206' title='bbox 58 1823 132 1852; x_wconf 85' lang='lat' dir='ltr'>cas</span> <span class='ocrx_word' id='word_1_207' title='bbox 157 1806 330 1850; x_wconf 83' lang='lat' dir='ltr'>tertiam</span> <span class='ocrx_word' id='word_1_208' title='bbox 350 1804 605 1868; x_wconf 87' lang='lat' dir='ltr'>petitionem</span> <span class='ocrx_word' id='word_1_209' title='bbox 623 1804 811 1850; x_wconf 85' lang='lat' dir='ltr'>duarum</span> <span class='ocrx_word' id='word_1_210' title='bbox 836 1804 1109 1868; x_wconf 88' lang='lat' dir='ltr'>superiorum</span> <span class='ocrx_word' id='word_1_211' title='bbox 1138 1822 1224 1850; x_wconf 85' lang='lat' dir='ltr'>esse</span> <span class='ocrx_word' id='word_1_212' title='bbox 1250 1804 1440 1868; x_wconf 83' lang='lat' dir='ltr'>quodam</span> 
     </span>
     <span class='ocr_line' id='line_1_24' title="bbox 59 1873 1438 1938; baseline -0.002 -16"><span class='ocrx_word' id='word_1_213' title='bbox 59 1876 190 1922; x_wconf 87' lang='lat' dir='ltr'>modo</span> <span class='ocrx_word' id='word_1_214' title='bbox 208 1875 507 1938; x_wconf 85' lang='lat' dir='ltr'>repetitionem</span> <span class='ocrx_word' id='word_1_215' title='bbox 521 1912 532 1930; x_wconf 87' lang='grc'><strong>,</strong></span> <span class='ocrx_word' id='word_1_216' title='bbox 560 1875 695 1934; x_wconf 84' lang='lat' dir='ltr'>magis</span> <span class='ocrx_word' id='word_1_217' title='bbox 717 1892 810 1920; x_wconf 82' lang='lat' dir='ltr'>eam</span> <span class='ocrx_word' id='word_1_218' title='bbox 839 1875 1213 1938; x_wconf 62' lang='lat' dir='ltr'>praetermittendo</span> <span class='ocrx_word' id='word_1_219' title='bbox 1236 1873 1340 1920; x_wconf 88' lang='lat' dir='ltr'>facit</span> <span class='ocrx_word' id='word_1_220' title='bbox 1365 1875 1438 1919; x_wconf 89' lang='lat' dir='ltr'>in-</span> 
     </span>
     <span class='ocr_line' id='line_1_25' title="bbox 61 1943 1438 2008; baseline -0.004 -13"><span class='ocrx_word' id='word_1_221' title='bbox 61 1947 209 2008; x_wconf 84' lang='lat' dir='ltr'>telligi.</span> <span class='ocrx_word' id='word_1_222' title='bbox 242 1946 412 1992; x_wconf 78' lang='lat' dir='ltr'>Deinde</span> <span class='ocrx_word' id='word_1_223' title='bbox 446 1956 529 1990; x_wconf 87' lang='lat' dir='ltr'>tres</span> <span class='ocrx_word' id='word_1_224' title='bbox 549 1945 651 1990; x_wconf 90' lang='lat' dir='ltr'>alias</span> <span class='ocrx_word' id='word_1_225' title='bbox 681 1944 904 2004; x_wconf 82' lang='lat' dir='ltr'>adjungit,</span> <span class='ocrx_word' id='word_1_226' title='bbox 933 1944 986 1990; x_wconf 92' lang='lat' dir='ltr'>de</span> <span class='ocrx_word' id='word_1_227' title='bbox 1027 1961 1138 2008; x_wconf 86' lang='lat' dir='ltr'>pane</span> <span class='ocrx_word' id='word_1_228' title='bbox 1157 1943 1438 2008; x_wconf 81' lang='lat' dir='ltr'>quotidiano,</span> 
     </span>
    </p>
   </div>
   <div class='ocr_carea' id='block_1_6' title="bbox 0 2014 1439 2070">
    <p class='ocr_par' dir='ltr' id='par_1_6' title="bbox 0 2014 1439 2070">
     <span class='ocr_line' id='line_1_26' title="bbox 0 2014 1439 2070; baseline -0.005 -5"><span class='ocrx_word' id='word_1_229' title='bbox 0 2046 1 2051; x_wconf 65' lang='lat'>=</span> <span class='ocrx_word' id='word_1_230' title='bbox 58 2020 115 2065; x_wconf 85' lang='lat' dir='ltr'>dc</span> <span class='ocrx_word' id='word_1_231' title='bbox 136 2018 384 2064; x_wconf 83' lang='lat' dir='ltr'>remissione</span> <span class='ocrx_word' id='word_1_232' title='bbox 407 2025 707 2070; x_wconf 68' lang='lat' dir='ltr'>neccatorum,</span> <span class='ocrx_word' id='word_1_233' title='bbox 725 2014 777 2059; x_wconf 89' lang='lat' dir='ltr'>de</span> <span class='ocrx_word' id='word_1_234' title='bbox 792 2015 1026 2060; x_wconf 83' lang='lat' dir='ltr'>tentatione</span> <span class='ocrx_word' id='word_1_235' title='bbox 1042 2014 1235 2060; x_wconf 66' lang='lat' dir='ltr'>vitanda.</span> <span class='ocrx_word' id='word_1_236' title='bbox 1263 2015 1320 2059; x_wconf 91' lang='lat' dir='ltr'>At</span> <span class='ocrx_word' id='word_1_237' title='bbox 1338 2030 1439 2060; x_wconf 76' lang='lat' dir='ltr'>Vero</span> 
     </span>
    </p>
   </div>
   <div class='ocr_carea' id='block_1_7' title="bbox 61 2051 1437 2153">
    <p class='ocr_par' dir='ltr' id='par_1_7' title="bbox 61 2051 1437 2153">
     <span class='ocr_line' id='line_1_27' title="bbox 61 2051 1437 2153; baseline -0.007 -19"><span class='ocrx_word' id='word_1_238' title='bbox 61 2088 182 2153; x_wconf 88' lang='lat' dir='ltr'>quod</span> <span class='ocrx_word' id='word_1_239' title='bbox 211 2087 310 2134; x_wconf 78' lang='lat' dir='ltr'>ille2</span> <span class='ocrx_word' id='word_1_240' title='bbox 337 2087 382 2131; x_wconf 89' lang='lat' dir='ltr'>in</span> <span class='ocrx_word' id='word_1_241' title='bbox 407 2051 563 2130; x_wconf 78' lang='lat' dir='ltr'>iiltimo</span> <span class='ocrx_word' id='word_1_242' title='bbox 588 2083 756 2147; x_wconf 88' lang='lat' dir='ltr'>posuit:</span> <span class='ocrx_word' id='word_1_243' title='bbox 778 2104 798 2124; x_wconf 73' lang='lat' dir='ltr'>c&lt;</span> <span class='ocrx_word' id='word_1_244' title='bbox 824 2083 909 2128; x_wconf 86' lang='lat' dir='ltr'>Sed</span> <span class='ocrx_word' id='word_1_245' title='bbox 942 2083 1080 2129; x_wconf 85' lang='lat' dir='ltr'>libera</span> <span class='ocrx_word' id='word_1_246' title='bbox 1102 2100 1181 2128; x_wconf 83' lang='lat' dir='ltr'>nos</span> <span class='ocrx_word' id='word_1_247' title='bbox 1207 2101 1230 2129; x_wconf 91' lang='lat' dir='ltr'>a</span> <span class='ocrx_word' id='word_1_248' title='bbox 1258 2083 1397 2137; x_wconf 89' lang='lat' dir='ltr'>malo;</span> <span class='ocrx_word' id='word_1_249' title='bbox 1418 2106 1437 2125; x_wconf 82' lang='grc'>»</span> 
     </span>
    </p>
   </div>
   <div class='ocr_carea' id='block_1_8' title="bbox 59 2153 1442 2427">
    <p class='ocr_par' dir='ltr' id='par_1_8' title="bbox 59 2153 1442 2427">
     <span class='ocr_line' id='line_1_28' title="bbox 59 2153 1438 2221; baseline -0.005 -16"><span class='ocrx_word' id='word_1_250' title='bbox 59 2159 137 2204; x_wconf 86' lang='lat' dir='ltr'>iste</span> <span class='ocrx_word' id='word_1_251' title='bbox 152 2176 240 2204; x_wconf 88' lang='lat' dir='ltr'>non</span> <span class='ocrx_word' id='word_1_252' title='bbox 251 2157 419 2221; x_wconf 73' lang='lat' dir='ltr'>posuit,</span> <span class='ocrx_word' id='word_1_253' title='bbox 443 2166 491 2200; x_wconf 91' lang='lat' dir='ltr'>ut</span> <span class='ocrx_word' id='word_1_254' title='bbox 511 2153 844 2214; x_wconf 83' lang='lat' dir='ltr'>intelligeremus</span> <span class='ocrx_word' id='word_1_255' title='bbox 873 2153 928 2199; x_wconf 88' lang='lat' dir='ltr'>ad</span> <span class='ocrx_word' id='word_1_256' title='bbox 955 2153 1066 2199; x_wconf 88' lang='lat' dir='ltr'>illud</span> <span class='ocrx_word' id='word_1_257' title='bbox 1086 2154 1285 2217; x_wconf 87' lang='lat' dir='ltr'>superius</span> <span class='ocrx_word' id='word_1_258' title='bbox 1318 2154 1438 2218; x_wconf 85' lang='lat' dir='ltr'>quod</span> 
     </span>
     <span class='ocr_line' id='line_1_29' title="bbox 60 2224 1435 2288; baseline -0.005 -11"><span class='ocrx_word' id='word_1_259' title='bbox 60 2230 115 2276; x_wconf 85' lang='lat' dir='ltr'>de</span> <span class='ocrx_word' id='word_1_260' title='bbox 157 2229 390 2276; x_wconf 85' lang='lat' dir='ltr'>tentatione</span> <span class='ocrx_word' id='word_1_261' title='bbox 429 2225 596 2270; x_wconf 88' lang='lat' dir='ltr'>dictum</span> <span class='ocrx_word' id='word_1_262' title='bbox 629 2234 713 2280; x_wconf 85' lang='lat' dir='ltr'>est,</span> <span class='ocrx_word' id='word_1_263' title='bbox 739 2225 966 2287; x_wconf 86' lang='lat' dir='ltr'>pertinere.</span> <span class='ocrx_word' id='word_1_264' title='bbox 1018 2224 1122 2269; x_wconf 90' lang='lat' dir='ltr'>Ideo</span> <span class='ocrx_word' id='word_1_265' title='bbox 1160 2225 1325 2288; x_wconf 88' lang='lat' dir='ltr'>quippe</span> <span class='ocrx_word' id='word_1_266' title='bbox 1350 2226 1435 2270; x_wconf 84' lang='lat' dir='ltr'>ait:</span> 
     </span>
     <span class='ocr_line' id='line_1_30' title="bbox 62 2294 1440 2358; baseline -0.003 -15"><span class='ocrx_word' id='word_1_267' title='bbox 62 2323 83 2343; x_wconf 86' lang='lat'>«</span> <span class='ocrx_word' id='word_1_268' title='bbox 113 2301 196 2347; x_wconf 76' lang='lat' dir='ltr'>Sed</span> <span class='ocrx_word' id='word_1_269' title='bbox 219 2301 358 2346; x_wconf 82' lang='lat' dir='ltr'>libera</span> <span class='ocrx_word' id='word_1_270' title='bbox 378 2317 389 2349; x_wconf 90' lang='lat'>;</span> <span class='ocrx_word' id='word_1_271' title='bbox 410 2318 431 2337; x_wconf 64' lang='lat'>³&gt;</span> <span class='ocrx_word' id='word_1_272' title='bbox 449 2313 538 2340; x_wconf 88' lang='lat' dir='ltr'>non</span> <span class='ocrx_word' id='word_1_273' title='bbox 560 2295 619 2340; x_wconf 87' lang='lat' dir='ltr'>ait</span> <span class='ocrx_word' id='word_1_274' title='bbox 638 2331 649 2351; x_wconf 92' lang='grc'><strong>,</strong></span> <span class='ocrx_word' id='word_1_275' title='bbox 672 2296 728 2339; x_wconf 89' lang='lat' dir='ltr'>Et</span> <span class='ocrx_word' id='word_1_276' title='bbox 740 2294 878 2340; x_wconf 88' lang='lat' dir='ltr'>libera</span> <span class='ocrx_word' id='word_1_277' title='bbox 897 2332 907 2351; x_wconf 87' lang='lat'>‚</span> <span class='ocrx_word' id='word_1_278' title='bbox 929 2306 1140 2358; x_wconf 82' lang='lat' dir='ltr'>tanquam</span> <span class='ocrx_word' id='word_1_279' title='bbox 1161 2313 1291 2340; x_wconf 88' lang='lat' dir='ltr'>unam</span> <span class='ocrx_word' id='word_1_280' title='bbox 1322 2296 1440 2358; x_wconf 86' lang='lat' dir='ltr'>peti-</span> 
     </span>
     <span class='ocr_line' id='line_1_31' title="bbox 62 2364 1442 2427; baseline -0.007 -9"><span class='ocrx_word' id='word_1_281' title='bbox 62 2373 225 2418; x_wconf 87' lang='lat' dir='ltr'>tionem</span> <span class='ocrx_word' id='word_1_282' title='bbox 242 2386 326 2415; x_wconf 84' lang='lat' dir='ltr'>esse</span> <span class='ocrx_word' id='word_1_283' title='bbox 349 2367 673 2412; x_wconf 84' lang='lat' dir='ltr'>demonstrans:</span> <span class='ocrx_word' id='word_1_284' title='bbox 710 2364 835 2427; x_wconf 80' lang='lat' dir='ltr'>(Noli</span> <span class='ocrx_word' id='word_1_285' title='bbox 855 2365 966 2421; x_wconf 82' lang='lat' dir='ltr'>hoc,</span> <span class='ocrx_word' id='word_1_286' title='bbox 991 2365 1063 2411; x_wconf 83' lang='lat' dir='ltr'>sed</span> <span class='ocrx_word' id='word_1_287' title='bbox 1087 2366 1172 2410; x_wconf 92' lang='lat' dir='ltr'>hoc</span> <span class='ocrx_word' id='word_1_288' title='bbox 1189 2366 1229 2427; x_wconf 87' lang='lat' dir='ltr'>J:</span> <span class='ocrx_word' id='word_1_289' title='bbox 1268 2376 1316 2410; x_wconf 89' lang='lat' dir='ltr'>ut</span> <span class='ocrx_word' id='word_1_290' title='bbox 1336 2365 1442 2410; x_wconf 82' lang='lat' dir='ltr'>sciat</span> 
     </span>
    </p>
   </div>
   <div class='ocr_carea' id='block_1_9' title="bbox 40 2432 1442 2504">
    <p class='ocr_par' dir='ltr' id='par_1_9' title="bbox 40 2432 1442 2504">
     <span class='ocr_line' id='line_1_32' title="bbox 40 2432 1442 2504; baseline -0.006 -16"><span class='ocrx_word' id='word_1_291' title='bbox 40 2438 356 2504; x_wconf 45' lang='lat' dir='ltr'>‘unusquisque</span> <span class='ocrx_word' id='word_1_292' title='bbox 374 2436 420 2481; x_wconf 89' lang='lat' dir='ltr'>in</span> <span class='ocrx_word' id='word_1_293' title='bbox 445 2452 494 2480; x_wconf 92' lang='lat' dir='ltr'>eo</span> <span class='ocrx_word' id='word_1_294' title='bbox 528 2452 568 2481; x_wconf 88' lang='lat' dir='ltr'>se</span> <span class='ocrx_word' id='word_1_295' title='bbox 587 2434 764 2480; x_wconf 85' lang='lat' dir='ltr'>liberari</span> <span class='ocrx_word' id='word_1_296' title='bbox 790 2452 812 2480; x_wconf 87' lang='lat' dir='ltr'>a</span> <span class='ocrx_word' id='word_1_297' title='bbox 836 2433 950 2480; x_wconf 85' lang='lat' dir='ltr'>malo</span> <span class='ocrx_word' id='word_1_298' title='bbox 965 2471 976 2491; x_wconf 88' lang='grc'><strong>,</strong></span> <span class='ocrx_word' id='word_1_299' title='bbox 1006 2434 1125 2498; x_wconf 86' lang='lat' dir='ltr'>quod</span> <span class='ocrx_word' id='word_1_300' title='bbox 1149 2450 1236 2479; x_wconf 90' lang='lat' dir='ltr'>non</span> <span class='ocrx_word' id='word_1_301' title='bbox 1258 2432 1442 2479; x_wconf 82' lang='lat' dir='ltr'>infertur</span> 
     </span>
    </p>
   </div>
   <div class='ocr_carea' id='block_1_10' title="bbox 61 2508 660 2635">
    <p class='ocr_par' dir='ltr' id='par_1_10' title="bbox 61 2508 660 2635">
     <span class='ocr_line' id='line_1_33' title="bbox 61 2508 430 2557; baseline -0.016 0"><span class='ocrx_word' id='word_1_302' title='bbox 61 2512 109 2557; x_wconf 80' lang='lat' dir='ltr'>&#39;m</span> <span class='ocrx_word' id='word_1_303' title='bbox 130 2508 430 2556; x_wconf 82' lang='lat' dir='ltr'>tentationem.</span> 
     </span>
     <span class='ocr_line' id='line_1_34' title="bbox 113 2587 660 2635; baseline 0 -11"><span class='ocrx_word' id='word_1_304' title='bbox 113 2594 125 2616; x_wconf 86' lang='lat'>¹</span> <span class='ocrx_word' id='word_1_305' title='bbox 139 2596 213 2625; x_wconf 80' lang='lat' dir='ltr'>Luc.</span> <span class='ocrx_word' id='word_1_306' title='bbox 229 2603 275 2635; x_wconf 81' lang='lat' dir='ltr'>xt,</span> <span class='ocrx_word' id='word_1_307' title='bbox 293 2597 362 2627; x_wconf 74' lang='lat'>2-4·</span> <span class='ocrx_word' id='word_1_308' title='bbox 379 2609 420 2614; x_wconf 96' lang='lat'><strong>—</strong></span> <span class='ocrx_word' id='word_1_309' title='bbox 435 2587 451 2612; x_wconf 79' lang='lat'>²</span> <span class='ocrx_word' id='word_1_310' title='bbox 470 2588 660 2624; x_wconf 70' lang='lat' dir='ltr'>Matthaeus.</span> 
     </span>
    </p>
   </div>
  </div>
 </body>
</html>
