1758 3246
356 262 410 291 niz
447 259 614 291 smera
653 260 936 289 vnzoiziuuz
959 279 970 298 ,
1011 260 1094 289 mn.
1138 259 1168 289 1.
1374 243 1467 290 325

97 327 183 373 sola
203 326 361 372 veroin
384 343 586 385 sexageno
604 325 679 380 sit,
721 323 941 382 conjugati
966 334 1109 368 autem
1144 324 1357 370 tricenum
1401 323 1469 370 se-

96 407 233 442 rentes
258 396 312 442 ad
327 412 577 455 sexagenum
606 393 860 458 perveniant
877 393 910 437 si
932 402 1141 453 martyres
1158 393 1319 440 fuerint
1341 411 1352 438 :
1381 394 1468 440 sive

97 466 215 528 quod
251 465 523 529 probabilius
537 464 648 509 mihi
670 463 864 518 videtur,
889 462 1097 524 quoniam
1134 462 1294 509 divinae
1318 465 1469 523 gratiae

96 535 234 580 multa
253 545 352 579 sunt
375 550 554 579 munera
573 570 583 589 ‚
610 544 651 579 et
670 544 732 579 est
750 532 867 578 aliud
887 531 971 577 alio
1010 531 1158 591 majus
1189 549 1239 577 ac
1282 533 1431 579 melius
1452 572 1463 584 ,

97 603 212 649 unde
236 603 345 649 dicit
369 603 629 667 Apostolus:
671 624 691 644 «
716 600 994 648 AEmulamini
1039 612 1182 646 autem
1224 601 1337 647 dona
1374 620 1468 648 me-

98 693 119 714 »
140 672 248 717 liora
264 672 306 726 1;
329 695 347 714 »
372 673 702 733 intelligendum
725 683 787 718 est
808 672 938 735 plura
960 688 1047 716 esse
1076 688 1207 733 quam
1237 681 1286 716 ut
1313 671 1358 716 in
1387 682 1468 717 tres

98 742 357 789 differentias
379 743 584 790 distribui
616 744 796 808 possint.
832 743 1030 787 Primum
1066 759 1119 787 ne
1159 742 1472 787 continentiam

97 811 314 858 vidualem
337 824 411 858 aut
434 814 480 858 in
503 814 623 860 nullo
651 814 797 860 fructu
825 812 1138 858 constituamus
1156 848 1167 867 ‚
1198 812 1338 857 autad
1363 829 1472 857 con-

93 881 251 941 jugalis
268 882 498 945 pudicitiae
517 885 719 930 meritum
743 883 1012 946 deponamus
1030 919 1040 937 ‚
1068 892 1142 927 aut
1158 881 1355 942 virginali
1377 881 1472 942 glo-

98 950 175 995 riae
200 968 501 1015 coaequemus3
536 965 610 999 aut
660 971 864 999 coronam
890 952 1088 1016 martyrii
1116 952 1183 997 vel
1228 952 1270 996 in
1314 952 1474 998 habitu

101 1020 258 1078 animi,
282 1023 448 1068 etiamsi
460 1023 570 1069 desit
593 1023 838 1069 tentationis
866 1039 1058 1077 examen,
1084 1022 1152 1067 vel
1181 1022 1225 1066 in
1249 1022 1343 1084 ipsa
1365 1039 1473 1084 pas-

100 1090 229 1136 sionis
267 1093 526 1155 experientia
567 1094 873 1147 constitutam,
918 1091 1099 1137 cuilibet
1137 1091 1310 1137 illarum
1341 1092 1473 1137 trium

101 1161 287 1206 castitati
307 1162 395 1207 sine
416 1163 503 1208 ullo
527 1164 792 1209 incremento
827 1161 1059 1207 fertilitatis
1089 1161 1293 1206 accedere
1328 1161 1474 1206 existi-

101 1246 279 1276 memus,
313 1232 475 1276 Deinde
499 1233 576 1277 ubi
595 1233 798 1295 ponimus
819 1269 829 1287 ‚
854 1230 973 1294 quod
1003 1230 1128 1275 multi
1155 1248 1205 1276 ac
1241 1231 1391 1276 multae
1415 1231 1475 1276 ita

101 1299 349 1345 custodiunt
376 1301 685 1347 continentiam
722 1300 993 1360 virginalem,
1038 1310 1086 1344 ut
1111 1310 1252 1345 tamen
1294 1317 1383 1345 non
1406 1299 1474 1345 fa-

101 1367 217 1413 ciant
240 1386 339 1431 quae
366 1371 578 1417 Dominus
603 1372 662 1417 ait
691 1390 701 1416 ι
730 1393 750 1413 «
776 1372 821 1416 Si
845 1371 909 1416 vis
934 1387 1020 1415 esse
1044 1370 1260 1433 perfectus
1278 1407 1289 1426 ‚
1331 1370 1441 1415 vade
1457 1406 1468 1425 ‚

101 1458 121 1480 n
143 1439 280 1484 vende
299 1441 442 1485 onmia
455 1458 555 1505 quae
573 1442 729 1497 habes,
756 1452 797 1487 et
819 1441 874 1486 da
891 1441 1160 1504 pauperibus
1174 1477 1184 1495 ‚
1217 1451 1258 1485 et
1288 1440 1474 1486 habebis

104 1529 125 1549 >2
148 1508 403 1554 thesaurum
439 1510 484 1555 in
508 1511 640 1566 coelo,
680 1521 722 1556 et
741 1511 857 1565 veni„
889 1527 1060 1573 sequere
1081 1527 1148 1554 me
1167 1510 1213 1563 '23
1240 1531 1261 1551 ›>
1296 1528 1376 1556 nec
1402 1527 1478 1555 au-

103 1578 233 1623 deant
250 1595 396 1624 eorum
420 1580 738 1625 cohabitationi
768 1581 944 1635 sociari,
971 1581 1016 1624 in
1037 1579 1198 1642 quibus
1223 1597 1349 1625 nemo
1370 1579 1478 1626 dicit

105 1649 269 1713 aliquid
299 1650 550 1712 proprium,
573 1650 646 1696 sed
666 1662 765 1696 sunt
784 1652 841 1695 eis
867 1651 1011 1695 onmia
1050 1650 1302 1695 communia
1323 1651 1366 1696 39
1395 1651 1478 1696 ’λί-

103 1718 252 1764 hil-ne
271 1729 479 1782 putamus
506 1719 854 1766 fructificationis
887 1719 1088 1764 accedere
1112 1720 1354 1779 virginibus
1375 1721 1450 1766 Dei
1467 1758 1476 1775 ,

105 1807 205 1835 cum
232 1789 318 1834 hoc
341 1788 534 1834 faciunt?
557 1800 634 1835 aut
651 1790 740 1835 sine
769 1789 858 1835 ullo
887 1790 1035 1834 fructu
1057 1806 1144 1834 esse
1161 1790 1347 1849 virgines
1370 1792 1447 1837 Dei
1468 1828 1477 1845 ‚

103 1858 268 1905 etiamsi
285 1859 372 1904 hoc
390 1876 478 1904 non
504 1858 704 1905 faciunt?
731 1859 870 1904 Multa
898 1876 998 1918 ergo
1027 1869 1127 1904 sunt
1153 1858 1292 1915 dona,
1320 1871 1362 1906 et
1388 1861 1482 1907 aliis

105 1929 187 1974 alia
211 1928 394 1974 clariora
413 1946 461 1974 ac
480 1928 706 1992 superiora
737 1929 916 1989 singulis
939 1928 1120 1988 singula.
1161 1929 1218 1974 Et
1247 1930 1482 1993 aliquando

106 2000 212 2047 alter
228 1999 476 2045 fructuosus
495 2010 556 2045 est
568 1999 694 2045 donis
708 1999 991 2062 paucioribus
1005 2036 1016 2055 ,
1037 1998 1111 2066 sed
1130 1999 1377 2062 potioribus
1393 2022 1403 2055 3
1423 2003 1484 2048 al-

105 2081 170 2115 ter
184 2066 480 2125 inferioribus,
507 2069 577 2114 sed
598 2069 816 2133 pluribus.
847 2070 904 2114 Et
924 2068 1110 2132 quemad
1119 2068 1297 2115 modum
1316 2071 1428 2117 inter
1443 2090 1486 2118 se

106 2140 174 2186 vel
193 2149 478 2201 coaequentur
505 2138 574 2184 vel
607 2137 937 2198 distinguantur
961 2138 1006 2184 in
1027 2138 1293 2201 accipiendis
1316 2143 1486 2188 aeternis

106 2208 368 2264 bonoribus,
391 2208 488 2271 quis
507 2208 740 2254 hominum
765 2208 920 2254 audeat
943 2206 1175 2268 judicare?
1211 2208 1317 2255 dum
1342 2221 1486 2257 tamen

108 2290 274 2326 constet
298 2289 340 2324 et
363 2278 499 2324 multa
517 2296 602 2325 esse
626 2279 706 2325 ista
727 2279 894 2325 diversa
909 2313 919 2329 ‚
941 2289 983 2323 et
998 2295 1086 2323 non
1102 2277 1155 2324 ad
1172 2296 1363 2342 praesens
1378 2292 1486 2326 tem-

107 2366 214 2413 pus,
241 2348 315 2395 sed
333 2349 379 2394 in
403 2359 614 2395 aeternum
638 2349 840 2413 prodesse
867 2348 1042 2395 meliora
1069 2347 1102 2395 ά.
1135 2348 1221 2394 Sed
1249 2350 1485 2396 Dominum

108 2429 192 2464 tres
217 2419 406 2465 arbitror
427 2420 613 2467 voluisse
635 2420 984 2466 fructificationis
1003 2435 1342 2465 commemorare
1363 2420 1485 2466 diffe-

157 2508 168 2529 ¹
191 2518 203 2537 1
232 2508 306 2539 Cor.
323 2518 394 2547 xxx,
417 2509 470 2541 31.
492 2527 532 2533 -—
549 2506 564 2530 ²
591 2507 707 2546 Maith.
735 2519 811 2547 xxx,
837 2519 896 2544 21.
916 2526 956 2532 -—
980 2505 994 2530 3
1024 2509 1098 2541 Act.
1118 2516 1162 2544 τι,
1179 2511 1233 2543 44,
1253 2512 1284 2539 et
1301 2518 1345 2548 ιν,
1368 2509 1422 2541 32,
1440 2526 1486 2533 -

111 2558 125 2585 ⁴
143 2560 261 2595 Mauh.
283 2571 353 2598 ειη,
375 2562 406 2596 8.
