1758 3246
166 272 339 303 coxrnA
374 273 638 304 MENoAcwn
676 272 732 303 Ao
769 273 1073 312 coxsssm'ricin
1113 272 1200 303 Lm.
1244 271 1274 302 1.
1349 254 1442 312 485

68 337 298 397 justitiam,
320 350 362 385 et
378 357 450 386 ore
482 339 790 386 confessionem
814 337 946 384 faeiat
979 338 1032 384 ad
1051 338 1246 384 salutem.
1275 336 1385 382 Nam
1403 345 1445 382 et

70 407 116 453 in
137 407 212 453 illo
237 409 408 455 Psalmo
433 427 533 455 cum
560 410 726 456 dictum
748 419 880 454 esset:
908 408 1031 464 «Qui
1067 407 1261 470 loquitur
1279 407 1442 453 verita-

73 487 190 523 »tem
212 480 257 524 in
276 480 406 525 corde
425 497 501 525 suo
521 517 531 535 ‚
554 501 574 521 »
592 498 690 526 mox
715 481 839 527 etiam
861 479 948 525 hoc
967 478 1164 524 additum
1190 488 1280 523 est:
1309 497 1330 519 (ε
1355 476 1444 535 Qui

73 567 94 588 »
119 565 209 593 non
234 549 319 608 egit
337 549 485 595 dolum
503 551 548 595 in
573 550 720 610 lingua
746 567 820 596 sua
838 549 872 596 4.
905 570 926 590 ³>

134 617 228 664 XV.
261 620 315 664 Et
331 619 438 665 illud
451 620 570 684 quod
590 620 820 684 Apostolus
839 619 895 665 ait
916 636 926 664 :
945 619 1251 681 «Deponentes
1265 616 1442 662 menda-

73 709 93 730 »
110 688 250 744 cium,
276 689 505 754 loquimini
543 692 765 737 veritatem
800 690 1096 754 unusquisque
1120 704 1222 734 cum
1245 686 1442 750 proximo

72 779 92 799 >³
110 775 205 813 suo,
232 761 333 822 quia
357 777 502 806 sumus
516 761 701 807 invicem
716 761 908 807 membra
923 761 940 789 2
960 777 970 805 :
989 781 1009 801 »
1030 759 1142 805 absit
1166 769 1213 803 ut
1229 758 1289 803 sic
1312 756 1445 802 intel-

69 827 252 889 ligamus
269 867 280 886 ,
310 841 515 892 tanquam
540 831 661 895 loqui
680 831 954 877 mendacium
996 828 1235 894 permiserit
1262 844 1361 873 cum
1387 825 1446 872 eis

70 900 147 962 qui
183 900 377 946 nondum
413 913 513 947 sunt
537 903 763 948 nobiscum
800 902 995 947 membra
1035 900 1231 963 corporis
1256 897 1435 943 Christi.

73 969 157 1014 Sed
171 969 267 1016 ideo
290 971 457 1017 dictum
476 984 553 1028 est,
571 973 674 1036 quia
692 973 986 1036 unusquisque
1006 981 1200 1016 nostrum
1216 969 1301 1015 hoc
1314 968 1445 1014 debet

72 1055 288 1102 quemque
311 1040 538 1105 deputare,
568 1043 688 1106 quod
710 1060 808 1088 eum
836 1042 931 1088 vult
967 1041 1083 1095 fieri3
1127 1039 1292 1086 etiamsi
1327 1055 1444 1084 non-

72 1108 175 1154 dum
191 1109 330 1156 factus
344 1123 404 1157 est
425 1130 434 1157 :
453 1115 564 1158 sicut
590 1114 796 1159 Dominus
816 1113 1098 1173 alienigenam
1122 1110 1444 1156 Samaritanum

70 1181 316 1242 proximum
339 1186 429 1242 ejus
448 1183 650 1238 ostendit,
673 1200 773 1228 cum
805 1200 893 1246 quo
929 1181 1265 1227 misericordiam
1283 1180 1383 1226 fecit
1402 1179 1435 1225 ³.

72 1249 296 1295 Proximus
318 1268 416 1310 ergo
438 1252 667 1297 habendus
697 1263 787 1308 est,
815 1269 902 1296 non
927 1251 1116 1307 alienus,
1144 1267 1246 1296 cum
1279 1266 1367 1314 quo
1395 1248 1443 1294 id

73 1318 284 1378 agendum
302 1331 385 1375 est,
407 1337 459 1365 ne
482 1331 698 1366 remaneat
717 1321 906 1366 alienus:
929 1331 970 1366 et
996 1321 1030 1366 si
1055 1330 1236 1384 propter
1252 1319 1298 1364 id
1318 1317 1438 1383 quod

72 1387 264 1433 nondum
289 1401 351 1435 est
375 1390 476 1436 fidei
500 1401 656 1437 nostrae
673 1391 1012 1455 sacramentique
1042 1391 1259 1454 particeps
1281 1389 1438 1444 factus,

75 1458 219 1523 aliqua
243 1460 306 1506 illi
327 1462 586 1508 occultanda
609 1473 709 1508 sunt
728 1479 844 1518 vera,
865 1480 952 1508 non
977 1473 1122 1508 tamen
1138 1460 1235 1507 ideo
1258 1459 1445 1507 dicenda

73 1541 172 1576 sunt
187 1530 306 1579 falsa.

138 1603 256 1651 XVI.
284 1605 473 1650 Fuerunt
490 1604 603 1650 enim
623 1605 751 1650 etiam
773 1605 1040 1668 temporibus
1067 1603 1374 1668 Apostolorum
1394 1602 1411 1631 4
1425 1640 1437 1660 ‚

71 1673 148 1737 qui
170 1675 392 1720 veritatem
408 1692 496 1720 non
519 1675 697 1721 veritate
715 1713 725 1731 ‚
742 1675 787 1721 id
808 1686 869 1720 est
882 1713 891 1729 .
909 1693 996 1720 non
1013 1675 1154 1721 veraci
1172 1676 1316 1720 animo
1330 1690 1442 1738 prae·

73 1743 290 1790 dicarent:
308 1763 416 1809 quos
437 1746 545 1791 dicit
569 1747 802 1809 Apostolus
822 1746 1046 1791 Christum
1071 1745 1344 1791 annuntiasse
1355 1762 1442 1790 nou

74 1825 204 1871 caste,
227 1815 298 1861 sed
310 1833 387 1879 per
403 1816 609 1862 invidiam
621 1827 663 1862 et
674 1817 1008 1864 contentionem.
1029 1818 1091 1863 Ae
1109 1834 1187 1880 per
1200 1816 1287 1862 hoc
1313 1817 1443 1861 etiam

74 1896 180 1931 tunc
197 1886 394 1933 nonnulli
421 1887 591 1934 tolerati
611 1899 711 1934 sunt
734 1889 1036 1935 annuntiantes
1056 1905 1142 1934 non
1167 1897 1285 1934 casto
1298 1886 1441 1932 animo

74 1956 322 2012 veritatem
345 1975 432 2004 non
454 1968 601 2004 tamen
621 1959 700 2005 ulli
722 1959 889 2005 laudati
911 1968 1011 2004 sunt
1030 1968 1238 2022 tanquam
1265 1975 1441 2004 aunun-

74 2028 349 2076 tiantescasto
361 2029 504 2075 animo
514 2028 755 2077 falsitatem.
782 2031 978 2094 Denique
994 2029 1047 2074 de
1061 2028 1145 2075 illis
1155 2028 1265 2075 dicit
1281 2046 1292 2074 z
1307 2050 1328 2070 «
1344 2028 1444 2074 Sive

75 2121 96 2141 »
115 2100 356 2157 occasione,
384 2100 471 2146 sive
506 2102 681 2147 veritate
722 2101 923 2147 Christus
949 2099 1254 2154 annuntietur3
1282 2122 1302 2141 »
1322 2099 1445 2146 nullo

74 2169 205 2216 modo
220 2181 363 2217 autem
374 2170 536 2217 diceret
552 2182 600 2217 ut
621 2182 770 2236 postea
791 2171 993 2217 Christus
1012 2171 1312 2227 annuntietur,
1328 2171 1451 2235 prius

74 2251 266 2300 negetur.

138 2311 279 2359 XVII.
313 2312 528 2369 Quocirca
549 2312 696 2359 multis
716 2313 893 2377 quidem
909 2311 1050 2358 modis
1064 2322 1248 2376 possunt
1265 2311 1444 2357 latentes

74 2380 270 2428 haeretici
288 2383 510 2443 vestigari,
534 2401 614 2430 nec
631 2385 850 2431 catholica
873 2383 958 2429 fide
975 2384 1219 2447 vituperata
1231 2420 1242 2439 ‚
1257 2399 1336 2428 nec
1348 2382 1448 2429 hae-

76 2453 207 2498 retice
232 2454 441 2518 mpietate
464 2454 668 2500 laudata:
689 2455 763 2501 sed
787 2456 821 2501 si
843 2455 964 2501 aliter
988 2453 1164 2499 omnino
1190 2470 1279 2499 non
1303 2463 1447 2516 posset

123 2542 136 2565 ¹
155 2542 236 2574 Psal.
249 2552 316 2580 xxv,
336 2544 366 2577 3.
381 2561 424 2567 -
444 2541 590 2589 ²Ephes.
612 2554 656 2585 xv,
674 2545 729 2578 25'.
747 2561 793 2569 —
811 2541 826 2569 3
844 2546 920 2578 Luc.
939 2553 971 2583 x,
989 2543 1041 2576 30.
1061 2559 1107 2566 —
1122 2538 1137 2567 4
1154 2540 1272 2586 Philip.
1289 2552 1313 2582 1,
1334 2542 1452 2582 15-17.

76 2612 121 2620 —
138 2592 152 2620 5
172 2593 257 2628 Ibid.
278 2596 334 2631 18.
