1758 3246
283 291 374 341 580
701 306 735 336 5.
778 304 1020 335 anensrim
1053 304 1255 336 EPISCOPI

282 396 303 417 «
323 371 440 431 Quid
456 369 548 419 odit
561 368 738 418 fratrem
762 386 885 419 suum
901 409 912 428 ,
934 370 1158 417 homicida
1184 381 1246 417 est
1261 368 1295 418 4.
1323 392 1344 413 2>
1368 368 1646 436 Quicumque

280 443 478 491 convicio
502 442 569 489 vel
593 442 824 489 maledicto
841 480 851 498 ‚
876 441 943 488 vel
977 442 1103 487 etiam
1130 442 1323 488 criminis
1355 442 1530 502 objectu
1565 441 1646 488 ali—

279 531 409 579 quem
435 513 574 570 laesit,
611 513 855 559 meminerit
885 511 1172 558 satisfactione
1196 513 1454 576 quantocius
1496 529 1646 558 curare

278 584 399 649 quod
423 583 541 640 fecit,
568 594 610 629 et
627 582 711 629 wille
735 583 810 646 qui
843 584 969 629 laesus
991 593 1080 639 est,
1120 583 1208 628 sine
1239 583 1550 647 disceptatione
1573 583 1646 629 di-

277 655 463 702 mittere.
493 654 539 700 Si
571 664 714 700 autem
746 654 932 699 invicem
964 670 1006 699 se
1029 653 1233 709 laeserint,
1256 654 1441 700 invicem
1461 653 1545 699 sibi
1567 653 1646 699 de-

278 725 371 771 bita
392 725 578 771 relaxare
612 724 863 779 debebunt,
892 734 1073 787 propter
1091 724 1303 769 orationes
1322 734 1480 770 vestras
1503 741 1514 768 z
1539 740 1646 787 quas

277 796 429 859 utique
454 804 619 858 quanto
645 793 885 839 crebriores
916 793 1086 838 habetis
1102 831 1112 849 ,
1140 805 1259 839 tanto
1283 794 1468 840 saniores
1486 793 1645 839 habere

275 865 453 912 debetis.
479 864 631 910 Melior
646 874 707 909 est
739 865 850 909 enim
870 864 945 927 qui
969 865 1166 927 quamvis
1199 865 1263 910 ira
1302 881 1416 929 saepe
1437 875 1642 921 tentatur,

272 949 418 983 tamen
444 935 676 999 impetrare
708 933 882 980 festinat
921 945 968 980 ut
986 935 1068 980 sibi
1091 934 1306 991 dimittat,
1340 936 1413 981 cui
1438 952 1480 980 se
1501 934 1647 980 fecisse

273 1007 466 1067 agnoscit
482 1006 687 1066 injtlriam
712 1022 872 1068 :quam
897 1006 972 1069 qui
1003 1005 1167 1051 tardius
1187 1006 1403 1062 irascitur,
1433 1016 1474 1051 et
1497 1005 1552 1051 ad
1569 1022 1646 1052 ve-

273 1078 389 1124 niam
413 1076 645 1141 petendam
679 1075 897 1122 difficilius
935 1075 1183 1124 inclinatur.
1216 1077 1303 1134 Qui
1329 1094 1417 1122 non
1441 1075 1536 1122 vult
1574 1075 1647 1122 di-

275 1148 445 1195 mittere
461 1146 602 1203 fratri,
624 1164 711 1192 non
732 1148 1080 1210 speretaccipere
1091 1148 1294 1193 orationis
1321 1148 1533 1193 effectum.
1559 1146 1647 1203 Qui

274 1228 416 1265 autem
434 1234 657 1280 nunquam
681 1216 776 1262 vult
796 1228 941 1279 petere
975 1218 1145 1262 veniam
1161 1255 1171 1274 ,
1208 1229 1280 1263 aut
1306 1235 1395 1263 non
1422 1234 1470 1262 ex
1502 1216 1646 1262 animo

275 1290 404 1353 petit,
435 1289 523 1335 sine
542 1304 671 1333 causa
694 1298 756 1333 est
779 1288 823 1333 in
841 1289 1122 1342 monasterio;
1143 1289 1309 1334 etiamsi
1326 1288 1428 1334 inde
1446 1305 1533 1333 non
1546 1303 1646 1351 plo-

267 1362 460 1421 jiciatur.
491 1359 679 1405 Proinde
693 1376 721 1405 1
724 1359 819 1404 obis
838 1377 859 1404 a
878 1377 901 1404 v
892 1360 1018 1405 erbis
1035 1359 1286 1405 durioribus
1300 1359 1464 1423 parcite
1472 1375 1596 1421 ,quae
1613 1358 1647 1403 si

271 1432 420 1478 emissa
437 1429 599 1476 fueiint
625 1446 672 1474 ex
700 1446 771 1474 ore
793 1440 958 1485 vest1·,o
990 1447 1078 1474 non
1102 1430 1245 1493 pioeat
1267 1447 1315 1475 ex
1333 1430 1427 1493 ipso
1449 1446 1519 1474 ore
1541 1445 1642 1491 pro-

269 1503 377 1549 ferre
417 1500 757 1555 medicamenta,
786 1500 901 1545 unde
938 1500 1052 1546 facta
1075 1511 1175 1545 sunt
1212 1500 1407 1548 vulnera.
1452 1498 1641 1557 Quando

269 1583 409 1619 autem
424 1570 646 1617 necessitas
663 1569 906 1633 disciplinae
928 1571 973 1615 in
991 1571 1183 1617 moribus
1199 1571 1452 1617 coercendis
1465 1608 1475 1626 ,
1501 1570 1642 1616 dicere

266 1661 342 1690 vos
378 1643 509 1690 verba
549 1640 658 1687 dura
694 1641 947 1704 compellit,
976 1642 1008 1687 si
1051 1642 1179 1687 etiam
1226 1642 1310 1705 ipsi
1350 1641 1531 1687 niodum
1567 1657 1642 1687 vos

265 1714 484 1760 excessisse
501 1712 680 1768 sentitiS,
707 1730 795 1758 non
814 1731 836 1758 a
850 1713 974 1759 vobis
991 1713 1191 1773 exigitur,
1213 1724 1297 1759 uta
1313 1713 1438 1759 vobis
1457 1711 1643 1758 subditis

264 1784 435 1832 veniam
452 1782 696 1847 postuletiS,
718 1800 771 1828 ne
790 1783 908 1846 apud
932 1800 1001 1828 eos
1025 1801 1131 1847 quos
1166 1795 1338 1848 oportet
1361 1801 1446 1830 esse
1466 1783 1643 1843 subjec-·

267 1867 350 1913 tos,
387 1855 493 1901 dum
516 1854 701 1900 nimium
739 1865 933 1901 servatur
955 1854 1195 1912 humilitas,
1221 1856 1396 1916 regendi
1418 1855 1643 1916 frangatur

268 1925 516 1973 auctoritas.
566 1924 651 1970 Sed
691 1935 833 1970 tamen
870 1925 1056 1988 petenda
1093 1937 1154 1972 est
1191 1928 1316 1973 venia
1349 1928 1404 1973 ab
1447 1927 1641 1973 omnium

267 1998 457 2045 Domino
476 2034 487 2053 ,
513 1996 586 2060 qui
608 1996 728 2042 novit
753 1996 881 2041 etiam
900 2014 970 2042 eos
985 2035 994 2053 ,
1022 2015 1129 2060 quos
1152 1998 1252 2061 plus
1274 2002 1391 2058 justo
1415 1999 1524 2045 forte
1548 2015 1642 2044 cor-

265 2069 408 2133 ripitis
422 2106 433 2124 ,
455 2078 617 2131 quanta
641 2067 942 2113 benevolentia
974 2067 1175 2128 diligatis.
1205 2070 1302 2115 Non
1320 2081 1464 2116 autem
1486 2087 1643 2116 carna-

268 2140 346 2196 lis,
370 2138 442 2185 sed
470 2137 673 2201 spiiitalis
697 2138 808 2183 inter
834 2155 910 2184 vos
935 2138 1064 2184 debet
1083 2157 1169 2185 esse
1186 2140 1375 2187 dilectio.

332 2210 411 2256 XI.
437 2208 677 2271 Praeposito
713 2219 915 2272 tanquam
935 2211 1050 2273 patri
1076 2210 1322 2267 obediatur,
1351 2212 1489 2258 multo
1507 2212 1643 2273 magis

268 2281 430 2345 prrosbJ
435 2289 523 2325 tero
560 2279 636 2343 qui
668 2280 864 2325 oninium
903 2291 1090 2326 1-031111111
1122 2299 1269 2327 curam
1295 2284 1414 2343 gerit.
1456 2286 1512 2330 [t
1543 2304 1642 2348 ergo

267 2363 426 2398 cuncta
449 2352 528 2396 ista
548 2361 788 2406 serientui,
811 2351 901 2395 etsi
933 2352 1038 2415 quid
1074 2365 1286 2399 5111111111]
1322 2356 1464 2402 minus
1483 2357 1638 2415 fuerit,

263 2441 352 2469 non
383 2421 646 2483 negligenter
673 2431 974 2484 praetereatur,
997 2423 1070 2469 sed
1096 2434 1141 2469 ut
1159 2425 1476 2472 emendandum
1502 2428 1641 2474 corri-

263 2494 538 2558 gendumque
576 2503 767 2549 curetur,
796 2493 848 2540 ad
872 2496 1158 2558 pra-‘positum
1191 2497 1417 2560 praecipue
1446 2499 1643 2562 pertine-

261 2565 330 2612 bit
344 2604 354 2623 ‚
382 2574 430 2611 ut
449 2563 502 2610 ad
515 2564 819 2627 presbyterum
833 2600 844 2622 ,
872 2568 997 2624 cujus
1019 2576 1079 2612 est
1099 2566 1217 2630 apud
1244 2584 1319 2614 vos
1335 2571 1473 2628 maJ‘or
1495 2580 1642 2616 aucto-

308 2651 351 2680 11
373 2652 467 2684 Joan.
487 2661 546 2687 111,
570 2651 619 2682 15.
