1758 3246
273 314 366 377 374
697 330 731 360 s,
775 328 1017 362 AUGUS‘HM
1053 331 1255 366 Eriscom

273 405 321 440 ut
336 395 371 440 si
389 394 608 440 discedere
625 395 846 442 volueritis
866 434 876 451 ,
903 397 1104 461 innuptae
1122 401 1329 445 maneatis
1353 416 1364 444 t
1389 414 1535 445 omnes
1551 400 1647 464 qui-

272 464 355 510 bus
395 463 610 527 placuerit
651 466 941 522 continentia,
984 467 1112 513 etiam
1152 486 1240 514 non
1280 466 1650 516 consentientibus

272 534 402 591 viris,
442 535 748 581 existimabunt
771 537 853 582 sibi
888 536 1016 582 licere
1052 537 1282 585 discedere.
1325 538 1457 596 Quod
1494 539 1649 602 procul

273 603 411 650 dubio
449 606 551 668 quia
591 607 841 669 permittere
877 624 966 652 non
1003 607 1245 665 debemus,
1281 620 1411 655 restat
1449 619 1499 654 ut
1529 609 1649 674 quod

272 673 441 720 dictum
459 686 520 721 est
542 693 552 719 :
581 696 603 716 «
628 675 673 720 Si
696 675 961 731 discesserit,
984 694 1157 722 manere
1176 677 1408 741 innuptam
1425 715 1436 734 ,
1455 699 1476 719 ³>
1499 677 1552 723 de
1576 678 1650 724 illa

273 743 441 789 dictum
468 744 622 790 docere
642 744 878 790 debeamus
898 782 908 801 ,
939 745 1012 791 cui
1035 745 1165 791 licere
1185 746 1403 793 discedere
1421 783 1434 804 ‚
1455 764 1543 793 non
1566 747 1649 793 uti-

270 831 355 878 que
372 816 451 860 nisi
471 833 494 860 a
514 815 778 872 fornicante,
801 815 1048 863 didicimus,
1078 817 1141 862 Ne
1159 817 1193 862 si
1215 817 1338 862 aliter
1354 816 1646 873 docuerimus,

272 885 455 930 obtentu
487 885 765 931 continentiae
811 887 1120 949 perturbemus
1157 886 1394 932 christiana
1423 887 1647 946 conjugia,

272 965 313 999 et
338 965 490 1000 contra
516 956 967 1002 misericordissimum
985 956 1164 1002 Domini
1191 967 1466 1020 praeceptum
1495 956 1650 1002 dimis-

272 1041 338 1070 sos
357 1043 379 1070 a
400 1026 724 1072 continentibus
742 1027 998 1072 mulieribus
1022 1027 1339 1072 incontinentes
1366 1028 1480 1072 viros
1500 1064 1511 1083 ‚
1543 1025 1609 1072 vel
1628 1044 1652 1072 a

273 1095 597 1142 continentibus
630 1095 733 1143 viris
770 1096 1088 1142 incontinentes
1120 1096 1316 1143 mulieres
1357 1096 1401 1141 in
1441 1096 1651 1147 adulteria

275 1166 602 1227 compellamus.

338 1233 462 1279 VIII.
494 1233 610 1279 Illud
632 1250 732 1294 ergo
750 1233 869 1296 quod
900 1234 1134 1289 Dominus,
1175 1253 1263 1279 non
1281 1236 1459 1298 quidem
1493 1236 1538 1288 in
1564 1253 1654 1282 ser—

277 1319 404 1349 mone
420 1301 515 1366 ipso
532 1304 608 1367 qui
635 1303 935 1367 exponebatur
965 1320 987 1348 a
1004 1303 1156 1360 nobis,
1183 1303 1255 1349 sed
1277 1313 1420 1349 tamen
1444 1305 1547 1350 alibi
1568 1304 1650 1350 ait:

276 1373 590 1437 «Quicumque
610 1373 821 1420 dimiserit
848 1390 1020 1418 uxorem
1044 1390 1184 1428 suam,
1205 1373 1287 1418 nisi
1305 1391 1352 1419 ex
1372 1390 1499 1418 631153
1514 1372 1655 1419 forni-

276 1464 297 1484 »
312 1443 495 1489 cationis
511 1480 521 1498 ,
548 1454 589 1488 et
616 1443 744 1489 aliam
765 1443 934 1488 duxerit
952 1480 963 1499 ,
986 1443 1235 1488 moechatur
1250 1442 1285 1498 1,
1304 1465 1323 1484 >2
1352 1443 1387 1488 si
1406 1443 1492 1489 hoc
1525 1442 1656 1489 modo

275 1513 604 1572 intelligendum
630 1523 708 1569 est,
737 1524 785 1559 ut
811 1514 1080 1577 quicumque
1110 1530 1237 1559 causa
1264 1513 1562 1567 fornicationis
1591 1514 1656 1559 di·

276 1582 439 1628 miserit
456 1593 498 1628 et
531 1583 658 1639 aliam
679 1583 872 1639 duxerit,
896 1600 985 1628 non
1011 1583 1285 1628 moechetur:
1309 1600 1396 1628 non
1420 1583 1591 1629 videtur
1612 1585 1657 1629 in

278 1652 363 1697 hac
401 1670 530 1699 631153
549 1671 631 1716 par
652 1652 792 1698 forma
819 1670 906 1698 esse
929 1653 1073 1698 mariti
1100 1664 1142 1698 et
1176 1653 1342 1709 uxoris,
1370 1653 1658 1716 quandoqui-

280 1721 379 1768 dem
398 1722 553 1768 mulier
577 1723 742 1768 etiamsi
776 1739 905 1768 causa
932 1723 1230 1768 fornicationis
1260 1723 1498 1769 discesserit
1521 1741 1543 1768 a
1566 1723 1658 1769 viro

279 1803 321 1838 et
341 1789 414 1839 alii
432 1793 647 1857 nupserit,
664 1793 933 1848 moechatur,
948 1793 1015 1838 vir
1026 1804 1168 1838 autem
1191 1794 1224 1838 si
1238 1793 1386 1838 eadem
1406 1810 1534 1839 causa
1559 1810 1658 1839 uxo-

276 1877 370 1913 rem
390 1860 601 1908 dimiserit
617 1872 657 1908 et
679 1862 804 1909 aliam
825 1861 1022 1918 duxeris»,
1045 1879 1133 1907 11011
1158 1862 1418 1908 moechatur.
1445 1864 1501 1908 At
1524 1864 1557 1908 si
1580 1880 1661 1925 par

278 1929 503 1977 for-maest
544 1933 589 1979 in
632 1943 845 1996 utroque,
875 1943 1056 1994 uterque
1101 1932 1376 1988 moechatur,
1415 1933 1448 1985 si
1474 1949 1514 1977 se
1541 1929 1661 1984 alteri

275 2002 488 2061 junxerit,
515 2003 644 2047 etiam
668 2019 769 2048 cum
812 2020 853 2048 se
885 2021 907 2047 3
930 2002 1171 2047 fornicante
1206 2002 1473 2063 disjunxerit.
1503 2004 1660 2048 Parem

276 2088 378 2116 vero
405 2075 492 2116 esse
514 2071 701 2116 formam
723 2072 768 2116 in
793 2071 879 2116 hac
906 2089 1034 2117 causa
1061 2071 1145 2117 viri
1182 2082 1311 2135 atque
1339 2072 1554 2128 mulieris,
1598 2072 1661 2117 ibi

280 2140 468 2186 ostendit
490 2140 722 2203 Apostolus
738 2178 748 2196 ,
784 2141 931 2205 (quod
961 2158 1076 2204 saepe
1100 2141 1530 2187 commemorandum
1551 2142 1657 2197 est‘i,

280 2211 359 2256 ubi
380 2227 482 2256 cum
506 2210 702 2256 dixisset:
730 2213 882 2256 «Uxor
906 2229 994 2256 non
1028 2211 1164 2257 habet
1189 2222 1446 2275 potestatem
1467 2213 1663 2277 corporis

280 2302 301 2323 >›
325 2281 418 2336 sui,
442 2280 515 2326 sed
537 2281 629 2333 vir3
649 2302 668 2322 ))
693 2279 849 2341 adjecit
884 2292 1011 2344 atque
1037 2283 1123 2327 ait:
1157 2282 1397 2328 «Similiter
1421 2292 1461 2327 et
1488 2282 1554 2328 vir
1576 2299 1663 2326 non

281 2371 302 2392 »
326 2350 461 2396 habet
488 2361 743 2413 potestatem
770 2355 966 2413 emporis
996 2352 1059 2396 sui
1078 2389 1088 2407 ,
1117 2352 1189 2397 sed
1210 2353 1363 2398 mulier
1384 2352 1416 2398 ².
1449 2374 1469 2392 »

345 2420 423 2466 IX.
465 2421 556 2464 Cur
597 2437 715 2480 ergo,
741 2420 907 2483 inquis,
950 2422 1211 2484 interposuit
1248 2421 1457 2466 Dominus
1489 2435 1662 2469 causam

276 2489 577 2535 fornicationis
596 2526 606 2545 ‚
629 2500 671 2534 et
691 2507 778 2535 non
812 2491 958 2552 potius
990 2492 1240 2549 generaliter
1260 2492 1318 2535 ait
1337 2508 1347 2534 :
1381 2489 1661 2553 Quicumque

279 2557 490 2605 dimiserit
517 2574 690 2604 uxorem
711 2575 831 2605 suam
848 2569 888 2604 et
902 2559 1030 2604 aliam
1055 2559 1244 2615 duxerit,
1265 2558 1532 2614 moechatur,
1561 2560 1594 2604 si
1617 2568 1657 2604 et

333 2641 341 2661 ¹
364 2639 476 2672 Manli.
505 2651 573 2677 xix,
597 2654 626 2681 9.
653 2660 689 2665 ——
713 2641 727 2662 '⁴'
749 2653 759 2671 1
782 2643 856 2673 Cor.
888 2652 945 2671 111.
976 2647 1011 2677 4.
