1758 3246
316 355 371 386 m:
407 353 704 386 DIVINATIONE
739 350 991 396 DAEMoNuM,
1031 353 1117 384 mn.
1162 353 1193 385 1.
1363 336 1455 401 587

88 434 204 478 rum,
235 421 516 469 verumetiam
542 420 716 466 volatus
755 419 900 466 avium
927 417 1326 483 incomparabiliter
1355 419 1456 466 vin-

93 501 210 538 cant.
239 491 412 548 Quibus
438 491 610 537 duabus
631 491 759 536 rebus
779 499 993 553 quantum
1017 489 1071 534 ad
1098 489 1266 535 aerium
1300 506 1460 554 corpus

88 562 239 608 attinet
263 561 463 626 praediti,
490 561 576 606 hoc
605 571 690 617 est,
727 559 961 606 acrimonia
998 576 1142 605 sensus
1165 571 1206 605 et
1243 560 1458 606 celeritate

85 641 253 687 motus,
301 630 440 676 multa
466 641 563 676 ante
589 630 760 690 cognita
784 629 1086 693 praenuntiant
1123 628 1191 676 vel
1226 630 1454 687 nuntiant,

85 718 185 766 quae
206 700 404 747 homines
425 718 506 765 pro
530 717 673 747 sensus
696 700 854 746 terreni
877 699 1082 746 tarditate
1108 700 1331 748 mirentur.
1367 703 1457 747 Ac-

83 772 206 818 cessit
224 771 351 818 etiam
367 771 643 818 daemonibus
666 788 744 835 per
769 782 859 816 tam
879 771 1060 831 longum
1086 781 1258 834 tempus
1276 787 1364 835 quo
1384 788 1460 817 eo-

82 858 180 888 rum
201 841 291 888 vita
322 842 601 906 protenditur
619 879 629 896 ,
656 858 805 888 rerum
827 841 954 902 longe
992 845 1130 901 maJ'or
1169 841 1431 905 experientia
1446 879 1458 899 ‚

82 927 212 977 quam
234 922 375 975 potest
394 912 647 958 bominibus
675 921 862 975 propter
882 911 1143 957 brevitatem
1166 911 1268 957 vitae
1305 928 1461 975 prove-

82 981 188 1028 nire.
229 981 313 1027 Per
342 982 420 1028 has
444 981 652 1027 efficacias
684 998 790 1045 quas
817 981 924 1026 a'erii
963 981 1158 1045 corporis
1185 992 1340 1028 natura
1366 999 1461 1028 sor-

82 1052 162 1097 tita
185 1062 246 1097 est
264 1089 274 1107 ‚
319 1069 408 1097 non
431 1051 571 1097 solum
597 1050 734 1096 multa
766 1050 913 1096 futura
943 1051 1195 1114 praedicunt
1217 1050 1458 1108 daemones,

82 1121 365 1167 verumetiam
384 1121 520 1167 multa
545 1121 653 1166 mira
672 1119 852 1168 faciunt.
882 1121 996 1177 Quae
1038 1121 1244 1185 quoniam
1263 1120 1462 1167 homines

83 1191 225 1237 dicere
238 1208 286 1237 ac
321 1191 459 1237 facere
471 1208 565 1253 ‚non
583 1201 785 1254 possunt,
814 1207 884 1236 eos
911 1189 1065 1250 dignos
1096 1190 1276 1253 quidam
1302 1190 1465 1254 quibus

83 1262 271 1307 serviant
294 1271 335 1306 et
353 1261 514 1324 quibus
537 1260 706 1305 divinos
729 1260 915 1305 honores
938 1259 1149 1315 deferant,
1173 1259 1460 1316 arbitrantur,

82 1331 312 1392 instigante
334 1330 515 1376 maxime
541 1331 646 1376 vitio
671 1329 950 1385 curiositatis,
972 1339 1153 1392 propter
1187 1346 1376 1375 amorem
1396 1329 1463 1376 fe-

82 1400 260 1446 licitatis
290 1399 409 1446 falsae
436 1410 564 1463 atque
604 1409 784 1444 terrenae
815 1409 857 1443 et
896 1399 1159 1445 excellentiae
1193 1399 1458 1463 temporalis,

88 1469 178 1526 Qui
211 1480 353 1515 autem
388 1485 429 1514 se
465 1468 520 1513 ab
558 1467 626 1513 his
649 1467 966 1531 cupiditatibus
993 1467 1236 1522 mundant3
1281 1485 1361 1515 nec
1406 1469 1464 1515 eis

84 1556 126 1586 se
148 1539 359 1586 fallendos
382 1538 702 1602 capiendosque
737 1539 1019 1601 permittunt,
1060 1538 1134 1584 sed
1165 1538 1395 1604 inquirunt
1421 1549 1463 1586 et

83 1620 236 1655 amant
258 1608 421 1673 aliquid
444 1607 565 1671 quod
588 1607 737 1653 eodem
763 1607 895 1653 modo
913 1625 1082 1672 semper
1098 1619 1177 1666 est,
1205 1614 1330 1670 cujus
1350 1627 1458 1673 par-

81 1680 335 1744 ticipatione
357 1679 475 1724 beati
505 1679 612 1732 sint;
635 1677 828 1741 primum
856 1678 1131 1725 considerant
1153 1696 1241 1725 non
1261 1679 1357 1735 ideo
1377 1681 1461 1728 sibi

79 1748 398 1813 praeponendos
414 1765 499 1794 esse
525 1747 759 1803 daemones,
788 1748 905 1811 quod
933 1749 1095 1794 acriore
1116 1766 1241 1795 sensu
1263 1752 1460 1813 corporis

80 1819 346 1883 praevalent,
389 1819 496 1864 aerii
518 1817 698 1874 scilicet,
745 1817 832 1863 hoc
855 1829 916 1864 est
950 1819 1190 1865 subtilioris
1217 1819 1418 1866 elementi
1442 1838 1452 1865 :

81 1888 184 1953 quia
206 1906 285 1935 nec
313 1888 360 1934 in
376 1888 479 1952 ipsis
499 1889 677 1934 terrenis
702 1889 961 1952 corporibus
993 1889 1151 1935 bestias
1173 1889 1256 1935 sibi
1279 1905 1461 1954 praepo-

79 1958 242 2005 nendas
260 1969 419 2022 putant
433 1996 444 2013 ,
471 1975 572 2022 quae
601 1960 742 2004 acrius
766 1959 902 2005 multa
919 1960 1207 2023 praesentiunt
1229 1977 1240 2004 t
1262 1960 1381 2007 velut
1399 1979 1462 2007 sa-

79 2045 226 2089 gacem
250 2045 425 2083 canem,
459 2029 561 2092 quia
585 2027 787 2073 latentem
812 2028 946 2075 feram
973 2028 1139 2075 olfactu
1165 2030 1375 2076 acerrimo
1403 2032 1462 2077 sic

77 2099 260 2154 invenit,
281 2107 329 2144 ut
347 2097 403 2144 ad
421 2114 516 2143 eam
532 2098 788 2161 capiendam
803 2098 1013 2145 ducatum
1035 2099 1270 2162 quemdam
1292 2100 1464 2147 homini

76 2168 300 2231 praebeat,
328 2184 417 2212 non
448 2167 600 2230 utiquc
634 2168 916 2231 prudentiore
940 2169 1164 2215 intellectu
1194 2170 1353 2226 animi,
1391 2171 1462 2217 sed

78 2237 269 2283 acutiore
293 2238 490 2300 corporis
513 2254 662 2292 sensu3
688 2237 756 2284 vel
776 2238 993 2285 vulturem
1011 2276 1022 2295 ,
1047 2239 1151 2303 quia
1173 2243 1368 2302 projecto
1391 2258 1461 2286 ca-

78 2307 233 2353 davere
252 2325 298 2352 ex
311 2308 546 2370 improvisa
564 2307 878 2373 longinquitate
897 2309 1123 2363 advolvat3
1146 2326 1224 2354 nec
1246 2310 1456 2373 aquilam,

77 2377 179 2439 quia
206 2376 449 2421 sublimiter
482 2377 631 2422 x‘olans
656 2377 710 2423 de
736 2388 857 2424 tanto
881 2379 1108 2425 intervallo
1135 2379 1217 2424 sub
1251 2380 1462 2427 fluctibus

77 2455 295 2491 natantem
318 2446 479 2507 piscem
499 2446 662 2492 dicitur
673 2448 902 2511 pervidere
918 2486 928 2503 ,
951 2458 992 2494 et
1009 2449 1196 2508 graviter
1216 2450 1338 2513 aquis
1352 2451 1463 2497 illisa

78 2516 225 2560 exertis
253 2515 440 2579 pedibus
465 2527 593 2580 atque
619 2519 840 2578 unguibus
877 2536 1027 2583 rapere
1057 2537 1067 2564 z
1094 2536 1174 2565 nec
1209 2519 1291 2566 alia
1326 2521 1463 2568 multa

78 2585 362 2631 animantium
388 2603 540 2646 genera
556 2625 567 2644 ,
592 2605 692 2652 quae
711 2590 824 2635 inter
858 2590 1020 2636 herbas
1045 2589 1176 2636 saluti
1208 2607 1296 2636 suae
1319 2593 1466 2651 noxias

77 2656 296 2719 pascendo
321 2657 657 2716 circumerrant,
678 2677 757 2707 nec
776 2660 941 2724 aliquid
962 2678 1110 2708 eorum
1134 2678 1222 2726 quo
1246 2660 1466 2710 laedantur
