1758 3246
152 333 322 365 CONTRA
361 330 628 364 MENDAanM
667 331 722 363 Λῐ)
758 331 1060 371 coxsnx'rit'it,
1102 333 1185 363 mn.
1231 334 1257 363 ι.
1334 316 1425 363 513

64 399 277 446 mendacii
294 397 420 464 quale
436 415 566 458 genus
583 398 651 445 vel
674 396 816 461 qualia
834 413 985 457 genera
1008 398 1239 443 mentiendi
1257 416 1326 444 eos
1338 403 1429 460 Jus-

66 470 227 523 tificare
251 468 429 514 delectet
451 485 461 512 t
489 467 634 513 saltem
660 468 706 513 in
730 467 806 512 Dei
829 465 949 512 cultu
971 467 1212 512 concedant
1241 486 1323 513 non
1343 486 1428 514 esse

65 539 384 592 mentiendum3
407 538 552 583 saltem
574 555 658 583 sese
681 555 703 582 a
722 537 924 601 perjuriis
942 536 1310 601 l.›lasphemiis‹·{ne
1329 557 1429 585 con-

65 610 250 662 tineant3
277 609 423 654 saltem
450 608 527 654 ubi
552 609 629 653 Dei
649 624 806 654 nomen
826 644 835 661 ‚
864 606 941 651 ubi
960 608 1073 651 Deus
1097 608 1236 663 testis,
1259 609 1333 653 ubi
1354 610 1429 654 Dei

65 689 382 725 sacramentum
404 678 695 741 interponitur
709 715 720 733 ‚
745 677 819 722 ubi
837 676 890 722 de
908 676 1056 722 divina
1074 676 1277 737 religione
1296 696 1432 723 sermo

64 751 280 813 promitur
297 750 383 796 sive
401 751 641 795 conseritur
653 786 664 805 ‚
693 764 818 794 nemo
835 747 1072 793 mentiatur
1087 785 1096 800 ,
1123 765 1250 793 nemo
1268 747 1431 800 laudet,

64 837 190 866 nemo
216 820 368 866 doceat
386 830 427 865 et
446 820 702 883 praecipiat,
728 835 854 864 nemo
874 821 1043 878 justum
1070 818 1187 863 dicat
1209 836 1295 864 esse
1320 837 1435 864 men-

65 890 238 936 dacium
261 908 271 935 :
299 890 353 935 de
393 890 559 936 caeteris
584 889 912 935 mendaciorum
941 889 1169 949 generibus
1200 889 1328 949 eligat
1356 890 1438 935 sibi

65 960 183 1023 quod
207 971 334 1024 putat
353 977 438 1006 esse
458 960 731 1006 mitissimum
751 970 878 1023 atque
900 959 1300 1004 innocentissimum
1323 977 1440 1005 men-

64 1029 199 1076 tiendi
234 1048 388 1090 genus,
425 1031 497 1076 cui
531 1031 676 1093 placet
713 1047 799 1075 esse
831 1029 1142 1075 mentiendum.
1188 1030 1285 1074 Hoc
1319 1030 1407 1075 scio
1426 1067 1436 1086 ‚

64 1100 183 1164 quod
206 1101 333 1145 etiam
352 1101 428 1164 qui
446 1099 573 1146 docet
591 1111 788 1164 oportere
819 1099 1018 1155 mentiri,
1043 1116 1193 1147 verum
1227 1099 1380 1146 docere
1401 1118 1442 1146 se

64 1171 160 1216 vult
196 1170 347 1217 videri.
391 1172 503 1216 Nam
535 1171 569 1216 si
595 1170 753 1216 falsum
787 1181 849 1215 est
877 1169 996 1233 quod
1021 1169 1148 1215 docet
1166 1207 1176 1226 ,
1205 1171 1301 1233 quis
1326 1170 1442 1215 falsae

65 1240 168 1286 velit
201 1240 372 1286 studere
403 1240 639 1295 doctrinae,
667 1240 744 1285 ubi
767 1250 810 1285 et
843 1240 954 1285 fallit
978 1239 1138 1285 docens
1156 1277 1166 1294 ‚
1207 1250 1249 1284 et
1277 1240 1444 1285 fallitur

66 1310 262 1356 discens?
280 1311 325 1355 Si
341 1320 484 1355 autem
503 1321 552 1356 ut
572 1311 760 1373 aliquem
781 1311 915 1373 possit
933 1309 1126 1355 invenire
1149 1310 1440 1374 discipultnn3

66 1380 219 1425 docere
237 1397 278 1426 se
301 1381 445 1426 asserit
473 1397 622 1426 verum
638 1418 648 1436 ‚
684 1397 784 1426 cum
815 1380 969 1426 doceat
999 1397 1084 1425 esse
1109 1380 1405 1426 mentiendum
1430 1400 1440 1427 :

65 1450 284 1515 quomodo
298 1451 379 1496 erit
390 1450 499 1497 illud
513 1469 560 1497 ex
571 1452 747 1498 veritate
762 1451 1054 1507 mendacium,
1070 1452 1235 1497 Joanne
1250 1453 1445 1515 apostolo

65 1521 333 1566 reclamante
353 1539 364 1566 ε
389 1542 409 1562 «
436 1521 577 1567 Omne
599 1521 874 1566 mendacium
902 1538 988 1566 non
1016 1530 1077 1566 est
1100 1538 1146 1566 ex
1166 1522 1346 1567 veritate
1356 1522 1371 1551 '1
1383 1527 1401 1568 Ξ)
1425 1545 1445 1564 >‚

67 1592 165 1637 Non
200 1602 261 1636 est
291 1609 389 1651 ergo
414 1609 564 1637 verum
581 1629 591 1648 ,
633 1591 867 1655 aliquando
896 1609 981 1637 esse
1016 1591 1312 1638 mentiendum
1349 1611 1358 1638 :
1404 1605 1445 1639 et

66 1662 183 1725 quod
212 1680 296 1707 non
319 1673 380 1707 est
404 1679 576 1717 verum,
603 1662 765 1707 nemini
782 1672 843 1707 est
867 1661 1043 1707 omnino
1069 1661 1355 1710 suadendum.

129 1734 379 1779 XXXVIII.
422 1733 505 1778 Sed
528 1733 612 1792 agit
627 1743 771 1796 partes
795 1750 890 1778 suas
915 1732 1168 1788 infirmitas,
1200 1744 1241 1778 et
1267 1750 1441 1780 causam

65 1803 364 1849 invincibilem
382 1802 626 1848 laventibus
649 1803 791 1849 turbis
811 1820 851 1848 se
871 1803 1034 1848 habere
1059 1803 1316 1866 proclamat.
1357 1806 1443 1851 Ubi

67 1872 327 1919 contradicit
344 1910 354 1927 ‚
381 1882 422 1917 et
445 1872 553 1918 dicit
575 1890 586 1917 t
605 1872 838 1930 Quomodo
860 1872 977 1935 apud
997 1872 1196 1918 homines
1210 1911 1221 1929 ,
1242 1874 1317 1936 qui
1336 1892 1445 1937 pro-

68 1942 308 1998 culdubio,
330 1942 363 1987 si
378 1942 607 1998 falluntur,
639 1953 923 1989 avertuntur-a
938 1943 1127 2005 pernicie
1143 1943 1208 1988 vel
1227 1944 1359 1989 aliena
1378 1945 1445 1991 vel

67 2031 160 2070 sua,
172 2013 521 2077 periclitantibus
534 2014 788 2059 subvenitur
800 2013 1071 2066 homnibus,
1087 2015 1118 2058 si
1134 2031 1211 2059 nos
1225 2015 1443 2061 humanus

68 2085 122 2130 ad
155 2084 450 2130 mentiendum
486 2101 575 2129 non
611 2083 789 2130 inclinet
823 2085 1029 2130 affectus?
1062 2084 1106 2129 Si
1135 2085 1349 2147 patienter
1373 2104 1439 2131 me

69 2154 217 2201 audiat
234 2156 362 2201 turba
384 2154 655 2200 mortalitatis
674 2191 684 2210 ,
706 2155 834 2200 turba
854 2154 1116 2200 infirmitatis
1134 2190 1145 2210 ,
1170 2155 1440 2217 respondebo

70 2225 233 2289 aliquid
256 2242 337 2288 pro
357 2225 527 2285 negotio
545 2225 746 2272 veritatis.
773 2225 897 2270 Certe
914 2224 986 2288 pia
1007 2262 1017 2281 ,
1042 2241 1162 2281 vera,
1185 2235 1329 2270 sancta
1343 2242 1440 2270 cas—

53 2296 169 2342 ·titas
194 2313 281 2341 non
306 2296 385 2341 nisi
419 2313 465 2341 ex
496 2296 674 2342 veritate
703 2306 764 2342 est
792 2313 802 2341 ε
829 2306 871 2342 et
895 2296 1089 2360 quisquis
1118 2295 1316 2341 adversus
1349 2313 1439 2341 eam

68 2365 171 2412 facit
189 2403 199 2419 ,
226 2364 423 2429 profecto
442 2365 640 2412 adversus
656 2366 877 2413 veritatem
889 2366 1007 2412 facit.
1039 2366 1130 2411 Cur
1148 2382 1246 2425 ergo
1265 2365 1341 2410 etsi
1357 2383 1441 2411 non

69 2437 205 2500 possit
228 2436 349 2482 aliter
368 2436 715 2499 periclitantibus
733 2437 980 2493 subveniri,
1001 2454 1087 2482 non
1108 2436 1332 2482 committo
1355 2448 1443 2482 stu-

69 2525 219 2572 prum,
235 2507 354 2572 quod
372 2508 468 2554 ideo
483 2519 544 2554 est
563 2510 829 2555 contrarium
843 2509 1034 2564 veritati,
1055 2508 1156 2571 qnia
1177 2508 1440 2554 contrarium

70 2589 132 2625 est
153 2579 367 2634 castitati3
408 2589 450 2626 et
486 2590 536 2626 ut
566 2579 918 2645 periclitantibus
950 2579 1256 2633 subveniatur,
1287 2578 1444 2643 loquor

86 2679 97 2688 -
121 2661 132 2684 ²
154 2672 165 2692 1
187 2664 342 2699 Joan.1t‚
361 2673 416 2696 21.

206 2729 393 2761 cxxxnr.
1262 2714 1319 2759 33
