1758 3246
513 319 570 347 DE
604 315 853 355 MENDACio,
893 316 981 346 Lm.
1025 320 1053 346 1.
1388 304 1481 364 469

111 383 289 429 ferenda
313 393 387 429 cst.
424 382 513 426 Nec
542 382 573 425 si
598 382 825 443 quisquam
856 380 898 424 in
926 390 1039 424 recte
1067 380 1188 426 factis
1216 382 1371 427 nostris
1399 393 1488 428 tam

116 452 228 497 male
260 461 473 505 movetur,
501 461 547 495 ut
578 451 653 494 fiat
682 450 809 494 etiam
840 448 982 493 animo
1011 448 1196 494 deterior
1228 451 1438 513 longeque
1461 469 1485 496 a

114 521 274 584 pietate
297 520 501 565 remotior
519 556 529 575 ,
557 530 788 582 propterea
812 529 925 563 recte
949 517 1063 563 sacta
1090 519 1320 565 deserenda
1347 531 1476 566 sunt:

113 607 213 635 cum
238 591 284 635 id
307 590 432 635 nobis
457 590 681 652 praecipue
708 587 940 633 tenendum
966 588 1037 642 sit,
1069 605 1156 651 quo
1183 606 1337 634 vocare
1359 601 1486 653 atque

111 660 293 705 invitare
330 659 563 711 debemus,
606 675 715 721 quos
752 658 864 702 sicut
903 659 1184 720 nosmetipsos
1228 659 1481 718 diligimus:

111 728 428 791 fortissimoque
461 729 602 774 animo
634 727 826 772 bibenda
852 737 915 771 est
942 727 1177 789 apostolica
1208 728 1279 773 illa
1312 739 1484 774 senten-

111 797 170 842 tia
196 815 206 842 ε
232 820 251 839 «
278 799 380 843 Aliis
400 798 576 860 quidem
603 814 749 842 sumus
772 796 880 841 odor
903 797 1001 841 vitae
1027 797 1069 841 in
1088 807 1239 843 vitam.
1262 797 1354 842 aliis
1377 798 1486 843 odor

106 888 132 908 ω
153 868 301 913 mortis
325 869 370 913 in
392 879 570 913 mortem
590 888 601 920 3
628 878 669 912 et
692 867 745 912 ad
771 867 868 912 liaec
889 868 984 929 quis
1003 866 1239 912 idoneus*
1260 889 1278 907 »
1301 868 1388 912 lN'ec
1414 885 1485 913 oc-

107 947 209 982 -tavo
243 955 394 997 genere
425 938 722 983 mentiendum
759 948 847 989 cst3
880 938 979 1000 quia
1013 948 1055 981 et
1084 937 1128 982 in
1165 937 1290 981 honis
1316 937 1488 982 castitas

111 1006 259 1059 animi,
290 1007 502 1070 pudicitia
527 1007 750 1069 corporis3
776 1018 816 1051 et
842 1007 885 1051 in
913 1007 1035 1051 malis
1060 1006 1102 1052 id
1124 1006 1243 1069 quod
1273 1006 1356 1069 ipsi
1381 1006 1484 1052 faci-

110 1091 222 1128 mus,
249 1094 298 1121 eo
323 1077 441 1139 quod
467 1078 557 1122 fieri
579 1077 757 1121 sinimus
782 1080 922 1135 majus
948 1087 1022 1122 est.
1056 1077 1105 1120 ln
1130 1076 1199 1120 his
1223 1087 1362 1120 autem
1385 1087 1484 1121 octo

108 1146 335 1201 generibus
372 1157 491 1191 tanto
524 1146 704 1209 quisque
738 1146 879 1190 minus
914 1157 1069 1207 peccat
1103 1163 1204 1190 cum
1241 1145 1478 1201 mentitur,

106 1226 273 1277 quanto
286 1216 463 1274 emergit
481 1215 534 1260 ad
552 1225 753 1259 octavum
771 1234 782 1266 ;
807 1224 927 1258 1anto
937 1215 1139 1276 amplius,
1155 1225 1320 1276 quanto
1332 1214 1482 1260 dever-

103 1285 167 1343 git
181 1285 232 1330 ad
245 1285 446 1348 primum.
458 1284 815 1348 Quisquisautem
831 1301 915 1328 esse
925 1284 1102 1346 aliquod
1115 1301 1247 1343 genus
1265 1284 1479 1331 mendacii

102 1354 224 1417 quod
249 1365 473 1418 peccatum
507 1371 594 1399 non
617 1354 669 1399 sit
688 1354 920 1416 putaverit,
941 1353 1129 1416 decipiet
1156 1371 1197 1398 50
1216 1354 1360 1416 ipsum
1383 1365 1480 1401 tur-

109 1423 247 1486 piter,
274 1441 371 1469 cum
397 1424 625 1468 honestum
645 1441 687 1468 se
710 1423 987 1485 deceptorem
1015 1423 1251 1469 arbitratur
1272 1423 1472 1470 aliorum.

170 1494 333 1539 XLlll.
377 1495 515 1539 Tanta
539 1510 668 1556 porro
696 1493 870 1538 caecitas
892 1493 1121 1537 hominum
1155 1494 1320 1538 animos
1351 1510 1481 1540 occu-

105 1563 243 1625 pavit,
281 1574 329 1609 ut
357 1564 415 1608 eis
444 1580 598 1626 parum
627 1564 698 1616 sit,
726 1563 758 1607 si
785 1562 981 1607 dicamus
1016 1562 1217 1625 quaedam
1255 1563 1482 1609 mendacia

104 1651 192 1678 non
214 1650 301 1678 esse
325 1644 523 1696 peccata,
551 1633 631 1678 nisi
651 1633 778 1678 etiam
798 1632 841 1677 in
867 1632 1131 1695 quibusdam
1157 1644 1385 1695 peccatum
1407 1632 1479 1678 di-

104 1714 204 1748 cant
223 1720 327 1755 esse,
355 1704 388 1748 si
414 1703 687 1748 mendacium
709 1718 954 1747 recusemus
975 1720 984 1746 :
1006 1719 1142 1766 eoque
1159 1702 1360 1765 perducti
1379 1714 1479 1748 sunt

103 1771 373 1817 defend-endo
409 1772 712 1826 mendacium,
750 1782 799 1817 ut
832 1772 962 1816 etiam
1005 1773 1148 1835 primo
1189 1772 1264 1817 illo
1305 1790 1473 1832 genere,

102 1841 220 1904 quod
253 1852 315 1886 est
343 1842 536 1887 omnium
569 1841 967 1895 sceleratissimum,
1006 1841 1157 1887 dicant
1192 1858 1314 1887 usum
1349 1841 1478 1887 fuisse

100 1911 347 1973 apostolum
380 1911 585 1957 Paulum.
626 1911 736 1956 Nam
757 1911 802 1956 in
837 1911 1028 1974 Epistola
1064 1912 1117 1957 ad
1152 1912 1344 1966 Galatas,
1377 1928 1478 1974 quae

100 1981 253 2044 utique
279 1982 392 2027 sicut
413 1992 581 2027 eaeterae
615 1980 667 2025 ad
700 1980 943 2026 doctrinam
974 1981 1190 2041 religionis
1221 1981 1478 2044 pietatisque

98 2050 348 2113 conscripta
367 2061 445 2102 est,
472 2050 546 2095 illo
572 2049 669 2094 loco
699 2048 854 2094 dicunt
881 2067 980 2095 eum
1004 2068 1089 2096 esse
1116 2051 1362 2103 mentitum,
1397 2050 1476 2095 ubi

101 2120 161 2165 ait
183 2120 236 2165 de
256 2122 385 2165 Petro
407 2131 448 2165 et
470 2120 671 2165 Barnaba
690 2137 700 2164 z
719 2141 737 2159 «
756 2122 869 2165 (lum
896 2120 1096 2166 vitllssem
1120 2122 1221 2184 quia
1250 2138 1335 2166 non
1360 2131 1473 2167 recte

100 2211 121 2230 υ
140 2189 444 2250 ingrediuntur
464 2189 518 2235 ad
543 2190 763 2235 veritatem
796 2190 1056 2249 Evangvlii2.
1083 2213 1103 2233 »
1124 2195 1236 2236 (jum
1257 2192 1369 2236 enim
1392 2208 1475 2235 vo-

100 2259 195 2305 lunt
210 2261 396 2305 ‘Petrum
424 2260 478 2305 ab
502 2277 661 2313 errore,
686 2271 813 2324 atque
843 2261 899 2305 ab
924 2260 998 2305 illa
1022 2262 1065 2306 in
1086 2278 1216 2325 quam
1242 2260 1473 2317 inciderat,

99 2329 182 2374 viae
204 2330 419 2392 pravitate
448 2329 703 2382 defendere;
739 2330 876 2393 ipsam
912 2330 1128 2390 religonis
1157 2332 1289 2383 viam,
1320 2330 1362 2376 in
1389 2347 1477 2394 qua

98 2399 210 2444 salus
227 2410 288 2444 est
305 2399 525 2453 omnibus,
549 2399 770 2445 confracta
790 2411 831 2445 et
847 2402 1116 2447 comminuta
1142 2402 1474 2463 Scripturarum

100 2468 355 2514 auctoritate
388 2480 602 2514 conantur
626 2481 830 2518 evertere.
870 2472 922 2516 ln
954 2488 1041 2533 quo
1066 2489 1151 2516 non
1178 2470 1358 2519 vident.
1386 2487 1476 2516 non

99 2537 239 2584 solum
270 2538 485 2585 mendacii
515 2541 697 2597 crimen,
728 2540 800 2588 sed
833 2541 961 2588 etiam
995 2540 1174 2606 perjurii
1213 2558 1254 2587 se
1286 2540 1475 2602 objicere

147 2624 158 2646 ¹
179 2634 198 2655 2
215 2624 290 2656 Cor.
307 2634 348 2656 n.
366 2624 418 2655 ¹6.
434 2640 477 2649 ο·-
494 2621 685 2661 2Ga³at.11‚
705 2631 757 2659 14,
