1758 3246
325 302 418 360 474
733 316 766 344 5.
811 316 1048 347 Aneusrim
1085 315 1282 344 Episcopi

326 400 345 420 »
363 379 545 441 quisque
572 395 672 424 cum
700 379 896 440 proximo
921 396 1014 433 suo,
1044 379 1147 441 quia
1165 396 1312 424 sumus
1340 380 1524 425 invicem
1557 396 1696 427 mem-2

325 469 344 489 »
361 447 483 494 bra1.
503 472 520 489 υ
538 448 595 492 Ut
615 448 815 493 videlicet
828 464 925 492 cum
938 448 995 492 eis
1007 448 1080 509 qui
1094 448 1219 493 nobis
1232 449 1276 492 in
1292 449 1491 494 societate
1508 449 1697 494 veritatis

322 517 511 580 proximi
544 534 630 562 non
665 528 788 572 sunt,
817 534 978 579 neque.
1013 527 1060 561 ut
1090 518 1148 561 ita
1183 517 1353 573 dicam,
1381 519 1697 565 commembres

324 589 459 633 nostri
479 597 595 642 sunt,
618 588 739 650 loqui
760 587 888 632 liceat
905 597 1190 648 oporteatque
1207 588 1497 633 mendacium.

391 658 472 703 Ill.
517 657 627 713 Quae
652 656 858 701 sententia
883 665 1050 700 sanctos
1078 656 1284 717 Martyres
1303 656 1557 708 exhonorat,
1583 657 1697 701 imo-

323 742 425 771 vero
459 725 597 771 aufert
629 736 774 770 sancta
807 725 984 770 omnino
1023 725 1240 786 martyria.
1284 726 1450 770 Justius
1482 725 1594 770 enim
1627 742 1699 770 sa-

323 796 599 857 pientiusque
623 796 837 849 facerent,
868 793 1105 838 secundum
1139 794 1266 849 istos,
1293 795 1325 839 si
1350 794 1700 856 persecutoribus

325 865 410 909 suis
435 881 522 910 non
548 882 589 909 se
619 865 928 910 confiterentur
958 879 1042 907 esse
1078 862 1376 918 Christianos,
1410 880 1488 907 nec
1520 880 1590 908 eos
1624 878 1701 907 sua

323 933 586 978 confessione
607 934 797 978 facerent
824 931 1067 977 homicidas
1088 949 1099 976 ε
1121 930 1193 976 sed
1215 933 1362 994 potius
1386 931 1632 977 mentiendo
1657 941 1700 977 et

322 1002 518 1060 negando
543 1002 661 1064 quod
678 1011 815 1057 erant,
840 1012 881 1046 et
898 1001 981 1063 ipsi
1001 1000 1089 1046 salv
1094 1017 1164 1046 um
1185 1001 1398 1047 haberent
1421 1001 1562 1046 carnis
1580 1016 1700 1045 com-

322 1070 499 1115 modum
521 1071 750 1133 cordisque
773 1070 1064 1147 propositum
1093 1081 1134 1114 et
1158 1069 1252 1114 illos
1273 1080 1534 1147 conceptum
1554 1069 1696 1114 animo

321 1139 459 1184 scelus
486 1140 669 1203 implere
698 1157 785 1184 nou
813 1140 1010 1185 sinerent.
1052 1140 1149 1183 Non
1179 1140 1294 1184 enim
1327 1140 1512 1202 proximi
1547 1155 1696 1189 eorum

321 1219 441 1255 erant
467 1210 511 1253 in
537 1209 622 1254 fide
645 1209 896 1262 christiana,
924 1219 971 1254 ut
995 1225 1096 1253 cum
1120 1208 1178 1252 eis
1201 1208 1409 1254 deberent
1432 1209 1553 1270 loqui
1579 1207 1698 1252 veri-

325 1288 455 1323 tatem
485 1278 529 1323 in
564 1295 636 1323 oie
668 1294 769 1332 suo,
797 1293 926 1339 quim
954 1276 1278 1353 loquebantur
1268 1294 1313 1321 ln
1337 1277 1467 1322 corde
1492 1293 1594 1328 su0;
1628 1275 1701 1321 sed

324 1347 459 1422 ipsius
477 1348 668 1392 xeritatis
685 1347 863 1408 insuper
881 1346 1060 1391 inimici.
1086 1346 1131 1389 δί
1149 1345 1260 1390 enim
1279 1346 1429 1399 Jehu2
1439 1383 1449 1401 ,
1471 1363 1599 1409 quem
1618 1344 1702 1390 sibi

326 1415 437 1467 inter
459 1427 635 1461 caeteros
654 1415 707 1460 ad
726 1415 968 1476 extmplum
991 1414 1223 1458 mentiendi
1244 1414 1483 1476 prudenter
1500 1413 1702 1461 videntur

326 1485 501 1537 intueri
526 1501 694 1530 servum
720 1483 860 1528 Baalis
884 1499 926 1527 se
948 1499 1035 1528 csse
1055 1483 1256 1528 mentitus
1279 1493 1357 1538 est,
1379 1493 1427 1528 ut
1446 1499 1586 1528 servos
1609 1486 1701 1541 ejus

325 1533 568 1601 occiderett
588 1563 751 1614 quanto
771 1552 926 1611 justius
951 1551 1191 1605 secundum
1226 1519 1404 1598 istortim
1438 1551 1700 1614 perversitaer

324 1632 428 1678 tem,
457 1633 653 1684 tempore
685 1620 994 1683 persecutionis
1023 1637 1163 1665 servos
1187 1621 1437 1672 daemonum
1470 1637 1512 1675 se
1540 1620 1702 1671 mentiz

324 1702 472 1740 rentur
498 1692 606 1736 servi
635 1691 817 1745 Christi,
850 1707 902 1734 ne
933 1690 1043 1734 servi
1074 1689 1324 1736 daemonum
1353 1708 1493 1736 servos
1524 1690 1701 1737 occide-

324 1771 417 1815 rent
458 1761 649 1814 Christi3
687 1771 728 1805 et
760 1760 1056 1805 sacrificarent
1095 1759 1222 1805 idolis
1260 1777 1313 1805 ne
1357 1761 1701 1806 interficerentur

320 1831 534 1886 homineS,
560 1831 592 1875 si
617 1830 876 1881 sacrificavit
895 1829 966 1874 ille
987 1829 1106 1874 Baali
1125 1840 1171 1874 ut
1190 1830 1449 1875 interficeret
1471 1829 1700 1875 homines?

321 1900 442 1957 Quid
473 1901 586 1946 enim
619 1901 676 1945 eis
709 1900 893 1954 obesset,
935 1899 1172 1944 secundum
1204 1901 1415 1959 egregiam
1455 1899 1701 1944 doctrinam

323 1970 776 2032 mendaciloquorum,
804 1969 837 2013 si
857 1967 1025 2013 diaboli
1046 1968 1211 2014 cultum
1234 1969 1515 2015 mentirentur
1538 1968 1583 2012 in
1605 1984 1701 2012 cor-

320 2057 442 2104 pore,
471 2040 649 2102 quando
684 2040 764 2084 Dei
788 2039 932 2084 cultus
964 2038 1218 2083 servabatur
1239 2038 1285 2083 in
1312 2038 1470 2084 corde?
1503 2037 1588 2082 Sed
1614 2053 1701 2083 non

321 2110 381 2163 sic
393 2109 690 2155 intellexerunt
703 2108 961 2172 Apostolum
979 2108 1187 2168 Martyres
1198 2108 1305 2163 veri,
1316 2109 1528 2171 Martyres
1544 2105 1694 2152 sancti.

321 2177 535 2228 Viderunt
548 2179 715 2241 quippe
732 2187 1050 2239 tenueruntque
1063 2177 1183 2239 quod
1201 2177 1414 2239 scriptum
1429 2187 1490 2223 est
1504 2193 1514 2220 ε
1527 2174 1701 2221 «Corde

323 2270 342 2289 »
361 2248 553 2294 creditur
577 2248 632 2293 ad
650 2248 882 2307 justitiam,
907 2263 981 2291 ore
1005 2245 1214 2296 confessio
1237 2247 1287 2291 fit
1310 2247 1364 2292 ad
1387 2245 1601 2292 salutem³
1624 2260 1637 2290 ε
1657 2254 1699 2289 et

322 2339 342 2366 >2
364 2319 415 2366 In
446 2334 518 2362 ore
544 2334 691 2363 eorum
718 2334 807 2362 non
831 2327 893 2360 est
918 2316 1144 2360 inventum
1170 2314 1474 2362 mendaciuml·
1496 2331 1507 2359 ι
1531 2334 1550 2355 >u
1567 2330 1616 2358 ac
1639 2312 1700 2358 sic

319 2386 716 2448 irreprehensibiles
740 2386 960 2440 abierunt,
989 2384 1065 2429 ubi
1094 2384 1250 2429 tentari
1273 2402 1297 2429 a
1323 2383 1607 2429 mendacibus
1628 2381 1700 2434 ul-

317 2456 447 2500 terius
482 2472 568 2501 non
600 2456 847 2507 cavebunt3
897 2454 999 2516 quia
1038 2453 1264 2506 mendaces
1305 2453 1493 2516 amplius
1527 2452 1572 2497 in
1613 2450 1700 2509 suis

316 2525 568 2571 coelestibus
596 2526 786 2583 coetibus
815 2524 882 2576 vel
912 2523 1074 2569 alienos
1102 2522 1169 2567 vel
1191 2524 1406 2586 proximos
1435 2539 1521 2568 non
1556 2520 1698 2568 habe-

368 2604 376 2625 ¹
401 2604 513 2644 Ephva
537 2615 578 2641 ιν,
602 2607 704 2635 25-
720 2603 735 2625 '2
749 2611 764 2641 2
783 2607 864 2645 Pie-33.
881 2615 908 2633 κ.
923 2619 965 2625 -
986 2599 1000 2622 3
1022 2605 1111 2632 nom.
1131 2612 1161 2638 x,
1185 2613 1289 2632 10.—
1305 2600 1319 2623 ⁴
1334 2605 1434 2644 Apoc.
1459 2612 1525 2643 xiv,
1542 2601 1576 2634 5.
