1758 3246
1412 298 1432 312 ῥ’

183 307 237 340 ΒΕ
275 309 373 339 FIDE
409 307 556 338 RERUM
594 308 691 345 QUAE
729 309 819 339 NON
856 309 1097 350 vmm'sun,
1139 312 1224 344 HR.
1270 312 1298 344 ῐ.
1408 316 1436 343 ξ.)

65 375 209 421 tiatur.
236 375 384 419 Restat
401 373 572 435 itaque,
600 383 648 418 ut
670 390 748 418 nec
780 374 887 429 visa,
916 391 994 420 nee
1021 374 1185 432 audita,
1215 394 1292 423 nec
1317 377 1435 441 apud

65 455 106 491 te
122 444 237 490 intus
262 452 492 505 conspecta
519 442 738 498 credatur,
773 460 825 487 ne
851 453 924 488 tua
944 444 1030 489 vita
1057 444 1223 490 deserta
1245 447 1332 491 sine
1351 447 1438 492 ulla

65 512 251 559 amicitia
280 511 576 576 relinquatur,
610 512 678 558 vel
708 513 901 576 impensa
933 513 1014 558 tibi
1051 513 1226 560 dilectio
1251 516 1437 562 vicissim

64 583 140 629 abs
162 592 202 628 te
230 599 316 628 non
349 581 624 645 rependatur.
667 583 754 628 Ubi
789 593 851 628 est
875 600 974 643 ergo
1013 584 1131 646 quod
1156 585 1356 641 dicebas,
1397 598 1437 632 te

63 651 233 698 credere
266 668 354 697 non
392 650 547 696 debere
567 689 577 708 ,
622 652 704 698 nisi
734 652 853 715 quod
879 653 1043 699 videres
1078 665 1152 700 aut
1180 655 1437 701 extrinsecus

63 738 259 785 corpore,
282 732 356 767 aut
385 721 642 767 intrinsecus
667 722 829 768 corde?
858 723 971 768 Ecce
994 741 1040 768 ex
1073 723 1203 769 corde
1227 735 1320 781 ῐυο,
1349 742 1438 771 cre-

62 790 126 838 dis
157 792 278 838 cordi
309 809 396 838 non
422 803 523 845 tuo3
550 803 592 838 et
614 809 700 855 quo
732 810 811 838 nec
834 794 974 838 carnis
1008 811 1086 840 nec
1111 795 1265 840 mentis
1289 795 1438 855 dirigis

62 863 215 918 aciem,
246 862 547 908 accommodas
574 862 718 909 fidem.
751 863 894 908 Amici
915 863 1070 910 faciem
1092 865 1229 910 cernis
1255 882 1437 929 corpore

64 943 154 987 tuo,
190 932 321 978 fidem
352 944 472 978 tuam
496 932 633 978 cernis
655 933 798 978 animo
825 943 898 978 tuo
923 951 932 977 :
961 934 1089 979 amici
1124 951 1223 981 vero
1248 953 1336 980 non
1361 937 1437 981 abs

60 1014 100 1048 te
126 1012 297 1048 amatur
319 1003 425 1047 fides
444 1039 454 1058 ,
490 1003 522 1047 si
560 1003 712 1048 nonin
748 1014 788 1048 te
812 1014 962 1049 mutuo
989 1004 1061 1050 illa
1090 1005 1143 1049 sit
1179 1005 1285 1051 fides
1303 1043 1315 1063 ,
1350 1023 1436 1069 qua

60 1073 207 1119 credas
238 1072 356 1135 quod
387 1073 433 1117 in
467 1071 539 1117 illo
559 1090 647 1117 non
670 1073 802 1120 vides.
845 1075 1054 1130 Quamvis
1087 1075 1219 1120 homo
1244 1076 1377 1139 possit
1398 1087 1439 1121 et

58 1143 201 1190 fallere
233 1142 436 1202 fingendo
471 1143 835 1199 benevolentiam,
879 1144 1059 1203 tegendo
1088 1146 1331 1191 malitiam:
1365 1158 1439 1191 aut

59 1214 93 1259 si
116 1230 269 1259 nocere
297 1230 384 1258 non
419 1214 596 1272 cogitat,
638 1223 782 1258 tamen
812 1213 1079 1277 expectando
1113 1233 1136 1259 a
1172 1226 1211 1259 te
1250 1215 1438 1279 aliquam

58 1282 426 1337 commoditatem,
454 1282 645 1337 simulat,
677 1283 779 1346 quia
803 1283 1061 1328 charitatem
1081 1285 1339 1332 nonhabet.

122 1352 205 1399 ΙΙΙ.
247 1352 331 1397 Sed
359 1351 484 1408 dicis,
523 1352 619 1397 ideo
658 1363 698 1397 te
735 1352 906 1398 credere
946 1353 1104 1409 amico,
1143 1357 1267 1413 cujus
1293 1355 1438 1401 videre

58 1439 132 1468 cor
151 1439 237 1468 non
266 1432 405 1485 potes,
437 1422 540 1484 quia
567 1422 612 1467 in
639 1423 723 1468 tuis
751 1422 1060 1467 tentationibus
1094 1439 1195 1468 eum
1220 1424 1435 1486 probasti,

55 1503 98 1537 et
118 1492 362 1552 cujusmodi
387 1493 579 1537 animum
602 1509 699 1552 erga
726 1503 768 1538 te
799 1492 982 1538 liaberet
1014 1493 1058 1537 in
1086 1493 1170 1538 tuis
1204 1494 1433 1556 periculis,

56 1562 134 1607 ubi
157 1573 198 1608 te
216 1579 304 1608 non
325 1562 527 1616 deseruit,
556 1561 810 1622 cognovisti.
853 1562 1080 1625 Numquid
1102 1580 1219 1622 ergo,
1249 1575 1297 1609 ut
1323 1565 1436 1609 ami-

57 1648 210 1678 corum
243 1631 457 1694 probetur
487 1649 586 1690 erga
629 1649 705 1676 nos
741 1631 948 1687 charitas,
986 1631 1160 1677 videtur
1183 1633 1267 1678 tibi
1291 1645 1440 1680 nostra

57 1701 248 1765 optanda
271 1701 490 1746 calamitas
507 1703 524 1745 9
543 1701 632 1746 Nec
656 1701 887 1764 quisquam
909 1702 989 1746 erit
1017 1719 1065 1746 ex
1085 1703 1233 1748 amicis
1251 1704 1441 1750 certissi-

55 1771 135 1817 mis
156 1770 270 1828 felix,
304 1771 387 1816 nisi
408 1770 539 1816 fuerit
568 1770 754 1816 adversis
787 1770 916 1815 rebus
943 1769 1089 1816 infelix
1113 1789 1123 1816 ε
1156 1782 1204 1816 ut
1234 1773 1444 1819 videlicet

55 1840 273 1905 explorato
296 1841 469 1887 alterius
493 1858 636 1887 amore
659 1858 747 1887 non
768 1840 941 1887 fruatur
956 1878 967 1896 ,
993 1841 1075 1886 nisi
1097 1858 1172 1886 suo
1197 1842 1345 1887 dolore
1373 1844 1442 1889 vel

56 1911 207 1958 timore
241 1911 473 1957 crucietur.
502 1912 557 1955 Et
594 1910 814 1974 quomodo
838 1910 884 1956 in
915 1910 1131 1956 habendis
1148 1911 1261 1957 veris
1291 1913 1442 1958 amicis

56 1981 196 2045 optari
209 1998 274 2037 ea,
298 1998 386 2026 non
404 1980 550 2044 potius
569 1981 710 2026 timeri
728 1980 910 2026 felicitas
927 1990 1085 2043 potest,
1108 1997 1240 2043 quam
1254 1982 1441 2045 probare

55 2051 137 2098 nisi
165 2050 392 2096 infelicitas
415 2068 501 2096 non
537 2054 707 2113 potest?
736 2052 791 2096 Et
828 2061 971 2096 tamen
995 2067 1146 2097 verum
1181 2062 1243 2096 est
1280 2052 1436 2097 haberi

54 2138 176 2185 posse
205 2121 391 2166 amicum
417 2121 546 2166 etiam
574 2121 621 2165 in
645 2120 774 2166 rebus
795 2121 1013 2184 prosperis
1034 2159 1046 2177 ,
1084 2122 1263 2184 probari
1288 2133 1431 2168 autem

56 2191 212 2237 certius
228 2191 273 2236 in
297 2190 427 2236 rebus
458 2189 658 2236 adversis.
686 2190 771 2235 Sed
792 2190 944 2253 utique
962 2201 1011 2235 ut
1033 2207 1132 2236 eum
1151 2191 1329 2254 probes,
1355 2209 1440 2255 pe·-

56 2260 203 2307 riculis
235 2260 320 2306 tuis
343 2277 422 2305 nec
442 2270 482 2306 te
505 2261 811 2317 committeres,
834 2261 916 2306 nisi
935 2260 1141 2308 crederes,
1176 2262 1238 2307 Ac
1256 2279 1337 2325 per
1358 2262 1444 2308 hoc

55 2348 155 2377 cum
188 2341 230 2376 te
263 2330 498 2376 committis
531 2341 580 2375 ut
609 2331 786 2394 probes,
817 2330 956 2377 credis
994 2342 1224 2395 antequam
1261 2332 1434 2395 probes.

55 2402 180 2447 Certe
215 2400 332 2446 enim
384 2401 417 2446 si
453 2401 583 2446 rebus
619 2419 707 2447 non
748 2401 849 2447 visis
887 2401 1065 2448 credere
1096 2419 1183 2448 non
1214 2402 1444 2460 debemus,

56 2469 499 2535 quandoquidem1et
533 2471 730 2517 nondum
769 2472 928 2517 certius
962 2472 1158 2535 probatis
1195 2472 1433 2518 amicorum

56 2541 264 2588 cordibus
289 2540 535 2596 credimus3
561 2553 606 2588 et
629 2560 731 2591 cum
751 2561 799 2592 ea
818 2543 943 2591 malis
965 2544 1123 2591 nostris
1140 2543 1257 2589 bona
1280 2544 1444 2606 proba-

100 2625 110 2645 ¹
133 2626 231 2656 Locus
251 2623 421 2667 perplexus
439 2629 469 2657 et
483 2624 622 2658 vitiatus.
