1758 3246
308 273 322 302 1
335 258 397 317 94
726 269 761 299 s.
804 267 1046 298 AUGUSTml
1081 267 1282 297 EPiscom

298 337 393 399 ipso
418 334 610 394 genitum
637 350 650 378 ε
679 332 752 378 sed
770 334 825 379 ab
859 334 955 397 ipso
979 332 1144 378 factum
1183 331 1236 377 de
1269 331 1432 387 nihilo,
1474 342 1516 376 et
1546 330 1675 376 fuisse

298 416 471 467 tempus
493 403 669 467 quando
685 420 775 450 non
800 414 914 460 erat,
939 403 1011 448 sed
1052 415 1200 448 tamen
1223 403 1420 465 primum
1437 401 1583 446 locum
1609 411 1676 446 te-

299 490 400 518 nere
435 472 482 518 in
513 473 631 518 omni
668 483 894 526 creatura3
936 483 978 517 et
1017 472 1230 535 Spiritum
1263 482 1459 517 sanctum
1496 471 1677 515 minoris

296 542 530 602 majestatis
546 558 632 587 esse
647 559 780 605 quam
801 541 959 587 Filium
975 577 985 597 ‚
1015 551 1057 586 et
1096 541 1242 603 ipsum
1269 540 1435 585 factum
1459 556 1546 585 esse
1579 549 1679 602 post

301 611 488 666 Filium
507 622 550 657 et
574 612 736 657 horum
768 612 899 657 trium
921 611 1110 657 diversas
1141 627 1226 656 esse
1260 610 1545 666 substantias,
1576 620 1679 655 tan-

299 699 433 745 quam
457 699 613 727 aurum
635 693 677 727 et
697 692 923 741 argentum
944 692 986 726 et
1005 690 1302 726 aeramentum.
1333 680 1544 725 Nesciunt
1564 679 1680 724 enim

299 752 408 814 quid
429 751 682 814 loquantur,
703 762 745 796 et
764 751 816 796 de
839 752 909 796 his
937 751 1067 796 rebus
1097 767 1204 813 quas
1228 767 1306 813 per
1325 749 1474 796 oculos
1507 766 1681 794 carneos
1750 800 1752 807 y

299 821 446 867 videre
465 831 798 873 consueverunt,
822 838 953 867 vanas
970 820 1175 879 imagines
1190 819 1245 864 ad
1259 819 1574 882 disputationes
1586 834 1682 864 suas
1748 841 1753 884 ξ

301 890 577 937 transferunt.
624 891 740 947 Quia
759 908 906 935 revera
928 906 1136 949 magnum
1162 900 1224 934 est
1257 903 1399 936 mente
1434 889 1683 951 conspicere
1749 931 1752 942 ,

300 961 617 1021 generationem
636 997 647 1013 ‚
676 977 775 1023 quae
798 977 886 1005 non
905 962 955 1005 fit
968 977 1015 1005 ex
1028 959 1173 1022 aliquo
1198 970 1414 1022 tempore,
1435 958 1509 1004 sed
1523 969 1684 1003 aeterna
1749 957 1752 984 Ψ

298 1041 383 1084 est;
403 1040 445 1075 et
464 1030 605 1092 ipsam
632 1030 894 1075 charitatem
912 1041 954 1076 et
977 1031 1249 1075 sanctitatem
1265 1066 1276 1085 ,
1298 1045 1383 1092 qua
1404 1039 1626 1088 generator
1642 1039 1685 1074 et
1749 1042 1752 1089 ᾗ

301 1110 528 1161 generatus
552 1100 830 1145 ineffabiliter
849 1101 933 1146 sibi
957 1100 1245 1163 copulantur:
1271 1115 1474 1158 magnum
1500 1109 1542 1143 et
1566 1097 1685 1144 diffi-
1748 1101 1753 1142 Ξ

299 1170 380 1216 cile
399 1180 462 1215 est
496 1169 596 1214 haec
624 1181 767 1215 mente
803 1171 1053 1234 conspicere
1072 1208 1082 1226 ,
1114 1170 1282 1215 etiamsi
1312 1178 1469 1232 pacata
1492 1179 1534 1213 et
1560 1179 1684 1214 tran·

300 1240 438 1304 quilla
453 1240 522 1285 sit.
547 1240 646 1284 Non
657 1251 804 1302 potest
820 1258 920 1300 ergo
933 1241 1025 1285 fieri
1044 1251 1091 1285 ut
1102 1239 1164 1285 illi
1182 1240 1280 1284 liaec
1300 1238 1494 1293 videant,
1510 1239 1586 1301 qui
1603 1249 1685 1284 ter-
1748 1270 1751 1276 -

300 1327 423 1356 renas
446 1310 736 1369 generationes
755 1311 882 1356 nimis
896 1310 1138 1365 intuentur,
1183 1320 1226 1353 et
1266 1307 1322 1353 ad
1362 1307 1462 1353 istas
1487 1308 1686 1355 tenebras
1748 1312 1752 1360 ’ς

302 1379 474 1425 addunt
497 1378 645 1424 adhuc
655 1379 827 1424 fumum
846 1396 976 1442 quem
1000 1380 1084 1424 sibi
1104 1378 1457 1424 contentionibus
1476 1388 1519 1423 et
1542 1389 1686 1424 certa-
1748 1436 1750 1438 v

302 1450 495 1496 minibus
508 1448 774 1511 quotidianis
786 1451 970 1494 excitare
991 1466 1081 1494 non
1092 1459 1277 1504 cessant,
1303 1448 1445 1493 haben
1452 1458 1512 1493 tes
1524 1449 1688 1494 animas

302 1520 444 1566 carnis
473 1519 698 1565 affectibus
717 1519 963 1564 diffluentes
980 1556 991 1575 ,
1036 1531 1245 1581 tanquam
1272 1519 1389 1578 ligna
1409 1519 1593 1564 humore
1616 1537 1688 1565 sa-

303 1591 448 1650 ginata
465 1626 475 1645 ,
503 1589 548 1633 in
595 1589 757 1651 quibus
777 1589 886 1648 ignis
912 1588 1084 1634 fumum
1117 1588 1256 1634 solum
1289 1589 1428 1634 vomit
1452 1599 1494 1633 et
1523 1588 1689 1634 habere

303 1661 500 1706 flammas
518 1659 683 1704 lucidas
706 1676 794 1704 non
818 1669 972 1722 potest.
1004 1660 1060 1704 Et
1080 1659 1167 1704 hoc
1198 1658 1374 1722 quidem
1409 1659 1462 1703 de
1486 1659 1689 1704 omnibus

304 1730 522 1777 haereticis
541 1730 776 1775 rectissime
801 1730 889 1775 dici
907 1740 1064 1793 potest.

370 1802 491 1847 XIX.
533 1800 767 1846 Credentes
805 1818 906 1860 ergo
954 1800 1361 1846 incommutabilem
1401 1800 1658 1845 Trinitatem
1675 1836 1686 1857 ‚

304 1873 533 1919 credamus
571 1873 702 1917 etiam
735 1871 1104 1935 dispensationem
1149 1871 1429 1933 temporalem
1453 1888 1535 1934 pro
1556 1870 1691 1915 salute

306 1943 470 2005 generis
495 1942 692 1989 humani.
724 1944 811 1988 Nec
833 1960 904 1988 eos
944 1942 1171 1987 audiamus
1188 1979 1198 1998 ‚
1224 1943 1300 2004 qui
1323 1942 1480 1987 Filium
1503 1942 1585 1986 Dei
1607 1942 1687 1987 Je-

306 2032 403 2060 sum
430 2013 657 2058 Christum
682 2013 795 2058 nihil
816 2030 902 2057 esse
930 2012 1047 2057 aliud
1082 2029 1212 2074 quam
1242 2012 1461 2056 hominem
1500 2011 1683 2067 dicunt,

309 2084 382 2130 sed
407 2085 467 2129 ita
483 2087 675 2143 justum,
696 2093 745 2127 ut
767 2082 924 2142 dignus
948 2083 1003 2127 sit
1026 2082 1238 2144 appellari
1270 2081 1401 2126 Filius
1426 2081 1525 2125 Dei:
1547 2091 1589 2125 et
1608 2081 1688 2126 hos
1746 2098 1750 2127 ι

307 2154 424 2200 enim
465 2152 683 2198 catholica
722 2152 954 2215 disciplina
990 2152 1105 2197 misit
1139 2152 1281 2204 foras3
1320 2151 1530 2214 quoniam
1564 2167 1689 2197 Vanae

308 2225 457 2284 gloriae
481 2223 721 2287 cupiditate
754 2222 951 2284 decepti,
994 2223 1258 2267 contentiose
1287 2222 1510 2284 disputare
1533 2220 1688 2267 volue-
1745 2234 1750 2279 ς

310 2304 435 2349 runt,
463 2303 697 2356 antequam
721 2292 1010 2352 intelligerent
1030 2292 1137 2354 quid
1165 2293 1220 2337 sit
1252 2293 1331 2337 Dei
1360 2293 1506 2338 Virtus
1534 2302 1576 2337 et
1609 2291 1690 2337 Dei
1746 2312 1750 2350 ,ε

312 2365 538 2429 Sapientia
553 2363 571 2392 '1
587 2402 598 2420 ,
620 2375 662 2409 et
680 2365 725 2409 in
756 2362 977 2427 principio
1010 2363 1203 2408 Verbum
1221 2401 1232 2420 ,
1274 2380 1353 2427 per
1377 2362 1495 2426 quod
1511 2383 1531 2403 «
1558 2365 1689 2408 Facta

314 2446 452 2482 »sunt
471 2435 638 2488 omnia;
663 2457 682 2476 »
700 2445 741 2480 et
764 2433 986 2498 quomodo
1013 2455 1033 2476 α
1055 2434 1246 2481 Verbum
1272 2450 1373 2480 caro
1404 2433 1570 2479 factum
1593 2443 1655 2480 est
1673 2469 1684 2490 ‚

313 2528 335 2551 »
353 2517 396 2552 et
412 2506 630 2553 habitavit
650 2507 695 2552 in
713 2506 839 2552 nobis
855 2506 888 2552 2.
914 2527 936 2547 »

363 2589 407 2623 ¹1
428 2590 504 2624 Cor.
526 2601 553 2634 ε,
570 2596 626 2627 24.
645 2589 824 2624 -2Joau.
842 2601 863 2629 1,
886 2592 902 2622 3
923 2596 954 2624 et
973 2598 1025 2631 14.
