1758 3246
471 298 525 327 nr⁴
563 297 812 336 MENDACIO,
852 298 939 328 mn.
986 300 1013 328 ι.
1324 286 1415 347 447

49 363 452 426 mendaciumqnod
472 363 672 407 adversus
692 363 822 407 vitam
857 366 1113 424 cujusquam
1142 364 1419 428 temporalem

53 434 229 490 dicitur,
267 433 516 479 detestabile
540 443 624 485 est;
646 442 809 494 quanto
825 431 959 489 magis
982 432 1099 493 quod
1122 434 1325 479 adversus
1347 437 1418 479 vi-

50 514 139 548 tam
156 502 614 548 aeternmnPSicutiest
637 519 762 547 omne
779 501 1070 557 mendacium,
1096 503 1127 546 si
1148 504 1190 546 in
1212 503 1411 550 doctrina

52 573 268 632 religionis
292 573 381 617 fiat.
409 573 463 616 Et
487 571 582 616 ideo
599 570 753 615 falsum
776 571 1064 615 testimonium
1082 582 1209 615 vocat
1232 574 1414 634 Aposto-

51 643 134 695 lus,
149 643 183 686 si
205 642 300 704 quis
323 641 376 686 de
391 641 585 695 Christo,
608 641 734 685 etiam
747 640 865 703 quod
881 639 933 684 ad
947 644 1036 699 ejus
1063 640 1234 685 laudem
1248 642 1419 687 videtur

51 711 290 774 pertinere,
340 711 587 757 mentiatur.
635 711 680 756 Si
712 721 852 755 autem
884 710 1157 755 mendacium
1189 711 1263 766 sit,
1303 712 1421 774 quod

51 797 188 842 neque
206 784 463 843 cujusquam
486 790 716 842 peccatum
747 789 821 824 aut
850 781 1069 838 confingat
1096 790 1168 825 aut
1187 790 1300 840 tegat
1315 818 1325 837 ,
1343 798 1422 826 nec

52 849 238 909 ajudice
251 860 493 913 quaeratur,
521 861 562 894 et
581 850 689 895 nulli
710 849 824 894 obsit
844 860 884 894 et
907 850 1043 911 prosit
1058 849 1183 895 alicui
1202 870 1212 903 3
1241 868 1320 896 nec
1342 850 1420 896 fal·

51 936 145 964 sum
163 920 456 964 testimonium
488 937 574 964 esse
591 956 601 975 ,
631 936 710 964 nec
735 919 1071 981 reprehensibile
1116 919 1422 966 mendacium?

116 989 260 1034 XXII.
289 988 408 1043 Quid
433 1005 552 1047 ergo,
580 989 614 1033 si
635 988 689 1032 ad
708 988 1004 1033 Christianum
1023 989 1244 1034 homicida
1264 990 1423 1035 confu-

52 1058 156 1118 giat,
187 1068 261 1103 aut
282 1058 428 1103 videat
447 1075 534 1120 quo
558 1058 780 1117 confugit;
806 1068 847 1102 et
880 1058 932 1102 de
954 1059 1036 1103 hac
1067 1076 1111 1103 re
1138 1060 1424 1119 interrogetur

53 1127 110 1172 ab
128 1143 176 1172 eo
192 1164 203 1182 ,
229 1128 306 1190 qui
331 1127 386 1172 ad
409 1128 675 1191 supplicium
701 1128 860 1190 quaerit
884 1128 1105 1173 hominem
1134 1129 1325 1175 hominis·
1350 1131 1421 1175 in—

53 1195 319 1242 terfectorem
334 1233 344 1250 ,
382 1197 676 1241 mentiendum
697 1201 789 1241 esti)
817 1197 1049 1251 Quomodo
1073 1198 1187 1242 enim
1206 1216 1293 1243 non
1319 1201 1423 1259 tegit

51 1276 281 1329 peccatum
297 1266 560 1321 mentiendo,
584 1284 686 1311 cum
709 1266 780 1311 ille
794 1283 873 1329 pro
898 1283 985 1329 quo
1006 1269 1229 1314 mentitur.
1260 1287 1421 1331 pecca—

56 1346 150 1380 tum
174 1334 429 1380 sceleratum
455 1334 706 1380 admiserit?
737 1338 801 1379 An
827 1336 929 1398 quia
949 1353 1035 1380 non
1060 1336 1113 1382 de
1136 1349 1318 1399 peccato
1335 1343 1425 1398 ejus

56 1406 363 1463 interrogatur,
390 1404 463 1450 sed
482 1405 535 1449 de
557 1405 653 1450 loco
673 1405 750 1449 uhi
772 1404 938 1451 lateat?
961 1407 1073 1465 Ergo
1094 1407 1263 1453 mentiri
1284 1409 1337 1454 ad
1359 1420 1424 1454 te-

58 1473 245 1534 gendum
262 1478 519 1537 cujusquam
545 1486 769 1537 peccatum
790 1511 800 1522 .
828 1476 989 1519 malum
1016 1487 1101 1528 est;
1139 1479 1311 1523 mentiri
1355 1496 1427 1525 au-

58 1555 144 1590 tem
165 1544 219 1589 ad
237 1544 468 1603 tegendum
481 1555 754 1606 peccatorem
772 1581 782 1599 ,
801 1561 888 1589 non
909 1555 971 1588 est
994 1545 1187 1590 malum?
1222 1549 1284 1592 lta
1306 1566 1426 1605 sane,

62 1614 119 1659 ait
141 1613 372 1676 quispiam.
413 1614 511 1657 Non
526 1613 638 1658 enim
661 1624 766 1658 tunc
781 1624 933 1675 peccat
951 1614 1179 1677 qui-*quam
1199 1653 1209 1671 ,
1234 1634 1333 1662 cum
1346 1619 1431 1663 evi-

65 1694 125 1729 tat
136 1683 429 1746 supplicium;
467 1683 540 1728 sed
558 1701 661 1728 Cum
685 1684 789 1728 facit
811 1683 974 1747 aliquid
995 1684 1176 1743 dignum
1194 1688 1425 1750 suppliciO.

63 1754 254 1799 Pertinet
275 1764 418 1798 autem
449 1753 504 1797 ad
525 1753 800 1815 disciplinam
833 1754 1136 1811 christianam,
1159 1767 1205 1800 ut
1228 1774 1366 1820 neque
1384 1758 1437 1803 de

64 1828 318 1886 cujusquam
339 1824 606 1868 correctione
631 1822 896 1885 desperetur,
935 1841 1073 1886 neque
1106 1826 1309 1890 cuiquam
1334 1844 1434 1890 poe—

64 1893 230 1938 nitendi
248 1893 388 1937 aditus
411 1892 729 1937 intercludatur
750 1910 760 1936 :
783 1893 902 1948 Quid
929 1893 961 1938 si
986 1893 1038 1938 ad
1057 1894 1248 1952 Judicem
1278 1897 1437 1942 ductus

65 1962 118 2007 de
140 1963 234 2025 ipso
258 1961 355 2006 loco
384 1962 462 2006 ubi
478 1979 519 2006 se
542 1961 613 2007 ille
630 1962 1119 2040 occultetinterrogeris,
1141 1965 1346 2011 Dicturus
1370 1984 1431 2018 es,

68 2043 241 2078 autnon
256 2032 318 2076 ibi
333 2042 412 2087 est,
428 2031 506 2076 ubi
531 2049 627 2076 eum
643 2032 724 2077 scis
747 2049 857 2085 esse3
875 2044 1045 2078 autnon
1058 2051 1159 2078 nou
1175 2045 1215 2079 et
1226 2052 1313 2080 non
1325 2036 1433 2092 vidi,

67 2101 187 2180 quod
206 2103 319 2147 nosti
356 2112 397 2146 et
419 2101 597 2147 vidisti?
618 2102 826 2146 Dicturus
851 2119 950 2158 eroo
978 2120 1020 2147 es
1058 2102 1086 2146 f
1077 2103 1214 2148 ilsum
1239 2115 1298 2150 tes
1304 2107 1435 2151 timo-

67 2173 208 2228 nium,
226 2183 267 2217 et
280 2173 500 2217 occisurus
519 2172 704 2217 ahimam
723 2183 858 2222 tuam,
876 2189 929 2217 ne
947 2173 1175 2219 occidatur
1189 2175 1440 2222 homicida?

70 2243 139 2288 An
163 2258 299 2305 usque
318 2241 372 2286 ad
397 2252 677 2304 conspectum
695 2226 858 2301 judicis
877 2243 1110 2299 mentieris,
1131 2244 1280 2302 judice
1298 2257 1440 2291 autem

71 2322 290 2374 quaerente
308 2316 399 2371 jam
418 2328 566 2356 verum
599 2312 714 2357 dices
728 2350 737 2368 ,
764 2330 817 2358 ne
843 2313 897 2357 sis
918 2312 1050 2358 falsus
1070 2314 1215 2359 testis}J
1241 2316 1337 2377 Ipse
1355 2317 1440 2375 igi—

71 2393 144 2427 tur
161 2382 381 2427 hominem
402 2382 649 2445 proditione
673 2382 893 2429 occisurus
924 2401 981 2431 es,
1012 2385 1152 2429 Etiam
1173 2386 1439 2447 proditorem

73 2453 241 2515 quippe
275 2451 422 2498 divina
465 2452 692 2515 Scriptura
727 2453 976 2500 detestatur.
1004 2455 1071 2499 An
1105 2454 1215 2499 forte
1246 2456 1447 2517 proditor

73 2532 255 2578 nonest,
279 2522 356 2585 qui
371 2521 515 2582 J'udici
539 2522 823 2583 interroganti
843 2539 993 2569 verum
1018 2522 1208 2577 indicat3
1236 2536 1342 2570 esset
1360 2543 1444 2571 au-

76 2602 163 2638 tem
188 2591 412 2656 proditor,
450 2592 484 2638 si
499 2608 766 2657 quemquam
797 2591 852 2638 ad
877 2592 1055 2649 exitium
1092 2591 1207 2638 ultro
1234 2593 1450 2643 deferret?
