1758 3246
338 299 392 328 DE
430 296 576 328 AGONE
613 295 902 338 cnmsrxANo,
943 297 1028 328 ΠΒ.
1073 300 1102 330 1.
1328 287 1414 348 189

114 365 192 411 XI.
221 362 352 420 Quod
375 364 409 408 si
430 362 539 409 forte
572 363 718 410 adhuc
738 374 919 427 propter
945 364 1222 424 aegritudines
1242 367 1416 425 animae,

48 451 154 500 quas
171 433 224 479 de
245 433 391 478 saeculi
410 450 552 478 amore
570 435 796 497 concepit,
824 451 902 480 nec
922 445 1091 494 gustare
1105 451 1252 480 sumus
1274 436 1421 484 idonei

49 522 181 569 quam
194 503 333 549 dulcis
348 514 411 548 est
427 505 665 549 Dominus:
689 505 755 551 vel
783 504 1012 550 credamus
1035 504 1197 550 divinae
1222 507 1419 551 auctori-

48 576 146 631 tati,
163 591 294 637 quam
318 573 457 618 voluit
483 590 569 619 esse
594 574 639 619 in
677 574 912 637 Scripturis
933 574 1089 620 sanctis
1113 573 1166 619 de
1185 574 1294 620 Filio
1313 592 1389 620 suo
1409 594 1420 619 :

49 666 70 686 «
98 645 185 700 Qui
196 644 334 690 factus
357 654 419 689 est
436 644 473 688 ei
491 661 537 689 ex
557 644 716 689 semine
735 644 879 690 David
902 644 1139 690 secundum
1156 661 1329 689 carnem
1345 644 1377 701 1,
1404 666 1426 687 2>

50 715 161 762 sicut
186 714 415 778 Apostolus
451 714 660 778 loquitur.
689 736 709 757 c<
731 715 891 761 Omnia
907 715 1021 760 enim
1041 733 1120 779 per
1142 715 1287 778 ipsum
1310 714 1427 761 facta

51 808 72 829 »
96 795 197 831 sunt
211 822 221 841 ,
271 785 382 830 sicut
419 785 464 830 in
490 785 723 845 Evangelio
761 786 972 849 scriptum
994 797 1057 831 est
1080 823 1090 840 ‚
1130 796 1171 830 et
1207 785 1296 831 sine
1332 786 1430 849 ipso

51 876 72 899 2>
91 854 256 900 factum
283 864 344 900 est
366 854 478 899 nihil
498 855 531 900 2.
556 876 576 895 n
598 855 686 910 Qui
711 866 868 901 nostrae
886 854 1198 901 imbecillitatis
1231 855 1431 900 misertus

51 937 138 981 est3
157 942 289 989 quam
310 924 656 970 imbecillitatem
673 943 761 971 non
781 930 871 986 ejus
895 943 1023 989 opere
1045 963 1057 983 ,
1084 926 1156 971 sed
1175 937 1320 971 nostra
1352 943 1433 972 vc-

51 997 218 1042 luntate
229 995 479 1041 meruimus.
501 996 612 1040 Nam
639 997 752 1042 Deus
771 997 993 1042 hominem
1014 995 1431 1042 inexterminabilem

52 1066 171 1121 fecit,
184 1064 274 1109 etei
292 1064 480 1109 liberum
497 1065 733 1110 voluntatis
759 1067 988 1112 arbitrium
1014 1066 1135 1111 dedit
1154 1066 1185 1113 3.
1205 1068 1303 1112 Non
1319 1066 1434 1112 enim

53 1146 159 1182 esset
181 1134 372 1198 optimus
391 1171 401 1189 ‚
423 1135 457 1178 si
491 1135 570 1179 Dei
607 1136 841 1198 praeceptis
859 1137 1132 1192 necessitate,
1160 1154 1248 1181 non
1272 1136 1433 1182 volun-

54 1216 140 1251 tate
159 1205 346 1250 serviret.
374 1204 515 1249 Facile
530 1215 591 1250 est
615 1206 792 1251 omnino
811 1243 820 1261 ‚
840 1216 1055 1269 quantum
1073 1206 1292 1251 existimo:
1315 1206 1436 1269 quod

54 1275 289 1334 intelligere
303 1273 456 1318 nolunt
469 1311 479 1329 ‚
495 1274 571 1336 qui
595 1274 856 1320 catholicam
885 1276 1165 1322 deseruerunt
1210 1275 1342 1320 fidem
1362 1313 1371 1331 2
1392 1287 1434 1321 et

59 1345 295 1392 Christiani
315 1344 463 1389 vocari
479 1344 646 1390 volunt.
668 1346 778 1390 Nam
798 1345 833 1392 si
851 1346 1080 1392 nobiscum
1100 1346 1292 1392 fatentur
1309 1356 1435 1390 natu-

57 1433 150 1462 ram
191 1426 384 1461 nostram
406 1431 495 1459 non
520 1415 658 1459 sanari
700 1415 780 1460 nisi
804 1426 917 1461 recte
955 1415 1185 1471 faciendo,
1222 1415 1442 1461 fateantur

59 1504 151 1532 eam
168 1503 258 1531 non
277 1484 491 1530 infirmari
507 1485 588 1529 nisi
609 1485 849 1547 peccando.
881 1486 937 1530 Et
955 1485 1051 1531 ideo
1072 1503 1160 1531 non
1177 1496 1239 1530 est
1255 1485 1440 1532 creden-

61 1557 167 1602 dum
193 1556 378 1601 animam
404 1565 595 1599 nostram
627 1555 713 1600 hoc
743 1571 828 1600 esse
852 1555 971 1618 quod
998 1556 1113 1601 Deus
1150 1566 1210 1600 est
1233 1555 1274 1599 4:
1291 1556 1393 1618 quia
1407 1555 1442 1600 si

59 1628 148 1673 hoc
173 1637 305 1682 esset,
346 1642 425 1671 nec
457 1643 533 1671 sua
553 1625 796 1681 voluntate,
832 1643 912 1671 nec
955 1626 1097 1688 aliqua
1127 1625 1443 1671 necessitatem

60 1698 246 1745 deterius
266 1706 532 1749 mutaretur3
570 1696 777 1759 quoniam
801 1697 920 1741 omni
944 1696 1075 1742 modo
1091 1696 1439 1742 incommutabi-

62 1768 114 1814 lis
133 1766 388 1826 intelligitur
407 1766 523 1811 Deus
542 1803 552 1819 ‚
581 1764 654 1810 sed
675 1765 730 1810 ab
749 1766 806 1810 eis
840 1766 915 1829 qui
937 1783 1027 1811 non
1048 1766 1094 1811 in
1111 1767 1387 1812 contentione
1401 1776 1443 1812 et

63 1837 340 1884 aemulatione
361 1847 401 1881 et
419 1852 543 1882 vanae
569 1835 716 1895 gloriae
730 1835 972 1899 cupiditate
993 1847 1140 1883 amant
1170 1837 1292 1900 loqui
1321 1836 1442 1900 quod

65 1909 262 1955 nesciunt
277 1946 287 1964 ,
326 1907 398 1952 sed
420 1906 669 1952 humilitate
701 1907 938 1953 christiana
974 1908 1165 1953 sentiunt
1182 1908 1235 1953 de
1254 1909 1444 1953 Domino

63 1980 110 2025 in
127 1979 322 2025 bonitate
336 2015 348 2035 ,
381 1988 422 2022 et
445 1978 489 2022 in
533 1977 811 2039 simplicitate
860 1977 1002 2023 cordis
1043 1989 1249 2042 quaerunt
1285 1995 1383 2024 eum
1405 1979 1437 2025 ’5.

66 2050 194 2094 Hanc
221 2065 320 2108 ergo
352 2046 695 2092 imbecillitatem
712 2061 903 2092 nostram
923 2048 1138 2111 suscipere
1162 2049 1362 2109 dignatus
1381 2059 1445 2094 est

68 2121 202 2166 Filius
222 2120 326 2164 Dei:
348 2140 368 2160 <c
393 2119 449 2163 Et
474 2118 668 2164 Verbum
689 2135 788 2163 caro
801 2118 966 2164 factum
983 2130 1061 2176 est,
1083 2131 1125 2165 et
1151 2120 1371 2167 habitavit
1399 2121 1446 2166 in

70 2212 91 2234 >³
115 2192 241 2237 nobis
259 2191 275 2218 ⁰
303 2207 312 2234 :
342 2211 362 2231 >³
385 2206 473 2234 non
487 2188 590 2251 quia
605 2189 821 2234 aeternitas
842 2188 916 2234 illa
932 2200 1100 2235 mutata
1120 2201 1182 2236 est
1198 2227 1209 2247 ,
1237 2190 1311 2236 sed
1339 2192 1442 2254 quia

69 2260 324 2309 mutabilem
338 2273 580 2305 creaturam
596 2259 884 2305 mutabilibus
902 2259 1131 2306 hominum
1144 2260 1281 2307 oculis
1307 2272 1444 2307 osten-

72 2333 153 2388 dit,
169 2348 299 2394 quam
314 2328 666 2375 incommutabili
684 2333 903 2390 majestate
916 2332 1118 2395 suscepit.

137 2403 240 2448 XII.
266 2402 377 2446 Sunt
395 2411 536 2446 autem
567 2399 686 2445 stulti
708 2401 783 2463 qui
810 2401 988 2447 dicunt:
1016 2403 1115 2447 Non
1138 2414 1308 2466 poterat
1328 2404 1452 2450 aliter

76 2471 297 2535 Sapientia
311 2469 600 2516 Deihomines
614 2469 799 2517 liberare
816 2509 827 2528 ,
850 2472 933 2517 nisi
950 2472 1186 2536 susciperet
1201 2474 1422 2520 hominem
1433 2512 1444 2532 ,

127 2562 137 2583 ι
158 2564 254 2594 Rom,
277 2572 302 2598 ι,
320 2571 351 2593 2.
370 2578 412 2584 —
432 2559 447 2582 2
463 2563 562 2591 Joan.
580 2571 608 2596 1,
637 2562 669 2594 3,
684 2576 728 2584 —-
744 2558 758 2584 3
772 2565 846 2605 Sap.
862 2573 900 2602 11,
920 2564 976 2596 23.
993 2575 1032 2582 -·
1046 2558 1060 2583 ⁴
1077 2561 1328 2595 Manichaeorum
1346 2573 1450 2598 error.

81 2632 124 2639 -
141 2612 155 2636 ⁵
174 2617 247 2658 Sap.
266 2627 291 2653 1,
316 2624 345 2647 1.
369 2631 411 2640 -—
432 2610 447 2634 6
468 2615 565 2646 Joan.
582 2624 608 2657 ι,
627 2619 679 2648 ῐ4.
