1758 3246
305 284 396 339 432
727 294 760 322 S.
805 293 1047 322 AUGUSTKNI
1084 293 1283 323 Episcopi

303 365 478 409 beretur
499 358 553 402 ab
571 357 777 419 Apostoli)
803 374 812 401 :
839 357 1193 420 quandoquidem
1211 356 1440 403 consilium
1456 357 1502 402 in
1517 357 1575 402 eis
1587 373 1681 419 per-

305 426 510 475 manendi
537 425 589 471 ad
613 426 698 470 hoc
719 425 840 470 dedit
856 462 866 474 .
891 443 942 470 ne
967 427 1194 488 superfluis
1227 425 1472 489 perturbati
1501 425 1645 471 Judaei
1667 462 1677 481 ,

306 498 360 544 ad
383 515 431 542 ea
453 512 552 559 quae
579 494 705 539 saluti
739 505 876 539 essent
905 494 1137 539 necessaria
1173 513 1261 540 non
1284 496 1490 541 venirent.
1533 495 1682 557 Neque

306 569 362 614 ab
395 567 470 613 illo
508 565 815 629 prohiberetur
846 566 878 609 si
903 564 1028 609 vellet
1060 564 1287 626 quisquam
1324 565 1548 624 gentilium
1584 564 1682 610 ideo

305 636 562 686 circumcidi
586 673 596 691 ,
632 645 679 680 ut
718 634 803 679 hoc
832 635 975 697 ipsum
1011 634 1249 679 ostenderet
1278 651 1365 680 non
1404 652 1446 680 se
1480 634 1682 680 detestari

306 709 429 773 quasi
451 707 625 752 noxium
644 742 654 760 ‚
689 704 760 748 sed
791 704 1083 749 indifferenter
1110 704 1270 749 habere
1299 715 1508 768 tanquam
1535 705 1681 765 signa-

304 780 451 828 culum
466 815 476 833 ,
501 780 626 835 eujus
640 774 801 819 utilitas
815 778 905 833 jam
925 785 1117 837 tempore
1134 775 1392 836 praeterisset
1411 793 1422 820 z
1441 792 1527 821 non
1546 775 1677 831 enim,

304 853 337 898 si
362 850 474 896 salus
494 865 541 892 ex
556 863 605 891 eo
624 849 712 904 jam
728 843 847 888 nulla
867 854 974 888 esset
991 880 1001 899 ,
1024 844 1152 888 etiam
1175 844 1347 889 exitium
1368 844 1468 889 inde
1490 855 1682 891 metuen-

303 922 409 968 dum
427 920 525 965 fnit.
546 917 734 978 Ideoque
752 926 794 959 et
810 914 1065 959 Timotheus
1080 931 1179 959 eum
1199 915 1243 959 111
1264 915 1482 978 praeputio
1503 925 1681 961 vocatus

302 1001 430 1045 esset,
468 999 611 1033 tamen
638 984 742 1047 quia
764 983 817 1028 de
839 984 862 1027 J
869 983 995 1028 udaea
1020 994 1153 1029 matre
1170 995 1288 1029 ortus
1310 995 1401 1030 erat
1417 984 1455 1040 1,
1480 995 1522 1030 et
1543 995 1680 1030 osten·

303 1063 401 1109 dere
421 1057 611 1119 cognatis
627 1055 714 1101 suis
737 1054 925 1100 debebat
949 1054 1003 1099 ad
1023 1071 1093 1099 eos
1109 1053 1439 1100 lucrifaciendos
1453 1092 1463 1110 ‚
1482 1073 1570 1100 non
1596 1055 1680 1100 hoe

300 1151 342 1179 se
378 1129 578 1177 didicisse
610 1127 656 1172 in
679 1123 909 1187 disciplina
941 1123 1176 1169 christiana
1201 1161 1212 1179 ‚
1241 1134 1289 1169 ut
1313 1124 1388 1169 illa
1413 1135 1680 1170 sacramenta

300 1220 399 1269 quae
421 1200 544 1259 Legis
562 1196 715 1243 veteris
731 1204 866 1240 essent
884 1194 1224 1249 abominaretur,
1245 1194 1526 1239 circumcisus
1545 1205 1607 1239 est
1624 1193 1680 1239 ab

302 1270 508 1337 Apostolo
532 1286 542 1313 ε
567 1277 616 1312 ut
631 1266 718 1311 hoe
739 1263 868 1309 modo
888 1262 1237 1308 demonstrarent
1262 1263 1286 1306 J
1292 1262 1426 1308 udaeis
1445 1299 1456 1316 ‚
1480 1279 1568 1308 non
1581 1261 1678 1308 ideo

303 1354 446 1405 gentes
473 1356 561 1385 non
584 1355 632 1382 ea
658 1335 873 1397 suscipere
898 1370 908 1388 ‚
937 1333 1037 1395 quia
1062 1332 1175 1378 mala
1201 1343 1361 1378 suntet
1384 1333 1620 1395 perniciose
1657 1349 1679 1377 a

300 1413 501 1480 patribus
518 1409 762 1459 observata,
781 1403 854 1448 sed
868 1403 969 1466 quia
984 1407 1075 1461 jam
1091 1402 1216 1447 saluti
1232 1419 1320 1447 non
1332 1403 1564 1448 necessaria
1582 1413 1680 1465 post

303 1484 536 1530 adventum
559 1476 669 1522 tanti
689 1471 947 1519 sacramenti
965 1508 975 1527 ,
1001 1471 1119 1534 quod
1142 1489 1220 1534 per
1240 1482 1328 1516 tam
1341 1471 1468 1531 longa
1484 1482 1676 1534 tempora

301 1565 391 1600 tota
412 1561 531 1597 vetus
548 1547 621 1593 illa
642 1545 868 1606 Scriptura
886 1541 1159 1604 propheticis
1181 1542 1511 1601 figurationibus
1528 1552 1677 1605 partu„-

297 1623 413 1671 rivit.
447 1621 559 1665 Nam
594 1626 635 1661 et
666 1614 816 1658 Titum
850 1610 1207 1667 circumcideret,
1235 1628 1336 1656 cum
1362 1611 1449 1656 hoe
1481 1621 1677 1670 urgerent

301 1696 325 1740 J
331 1691 497 1745 udaei2,
519 1687 602 1733 nisi
624 1681 950 1730 subintroducti
972 1679 1067 1725 falsi
1088 1679 1241 1725 fratres
1262 1680 1360 1725 ideo
1382 1681 1474 1725 fieri
1499 1680 1673 1735 vellent,

301 1776 350 1811 ut
374 1762 587 1808 haberent
609 1753 729 1818 quod
744 1752 797 1797 de
815 1752 909 1814 ipso
933 1749 1071 1794 Paulo
1092 1749 1446 1805 disseminarent,
1469 1760 1675 1813 tanquam

300 1850 451 1882 eorum
475 1827 645 1876 veritati
671 1822 863 1877 cesserit,
903 1820 980 1883 qui
1005 1837 1126 1882 spem
1155 1819 1303 1865 salutis
1332 1820 1590 1879 evangelicae
1631 1820 1675 1864 in

299 1900 627 1952 circumcisione
646 1893 786 1940 carnis
811 1901 937 1952 atque
961 1888 1173 1948 ejusmodi
1199 1889 1571 1935 observationibus
1590 1906 1676 1935 esse

293 1973 586 2040 praedicarent
604 2003 614 2022 ‚
637 1975 679 2010 et
699 1963 787 2008 sine
810 1961 877 2005 his
903 1959 1064 2004 nemini
1089 1958 1315 2004 Christum
1341 1958 1544 2021 prodesse
1563 1974 1673 2004 con-

296 2044 519 2091 tenderent
543 2057 553 2083 :
578 2052 679 2082 cum
704 2041 853 2079 eontra
872 2029 983 2075 nihil
1003 2028 1224 2091 prodesset
1245 2029 1448 2074 Christus
1478 2029 1537 2073 eis
1552 2064 1563 2083 ‚
1599 2028 1675 2091 qui

303 2132 352 2162 eo
383 2112 525 2159 animo
549 2102 982 2155 circumciderentur,
1004 2109 1053 2143 ut
1071 2098 1134 2144 ibi
1145 2115 1231 2143 esse
1244 2098 1423 2143 salutem
1438 2108 1669 2161 putarent:

299 2183 418 2232 unde
440 2191 501 2227 est
521 2176 629 2224 illud
652 2193 663 2220 :
690 2195 709 2213 α
727 2174 839 2217 Ecce
855 2186 933 2229 ego
958 2167 1117 2213 Paulus
1135 2167 1234 2213 dieo
1248 2168 1372 2214 vobis
1389 2205 1400 2223 ‚
1424 2169 1526 2231 quia
1543 2168 1576 2213 si
1593 2167 1674 2212 cir-

301 2278 323 2299 »
347 2246 657 2301 eumeidamini
678 2281 689 2300 ‚
717 2241 916 2288 Christus
934 2237 1045 2283 nihil
1064 2237 1188 2283 vobis
1214 2237 1408 2300 proderit
1424 2236 1487 2284 3.»
1513 2240 1575 2283 Ex
1588 2238 1672 2283 hae

300 2327 430 2388 igitur
454 2322 650 2367 libertate
671 2312 832 2360 Paulus
857 2320 1056 2373 paternas
1075 2307 1391 2354 observationes
1409 2309 1668 2364 observavit,

298 2399 386 2445 hoc
405 2409 542 2441 unum
564 2403 719 2436 cavens
741 2394 782 2430 et
808 2380 1051 2446 praedicans
1069 2416 1079 2435 ,
1105 2395 1158 2424 ne
1186 2379 1275 2424 sine
1298 2378 1366 2423 bis
1392 2378 1504 2424 salus
1527 2378 1672 2424 chris-

299 2469 416 2514 tiana
428 2462 547 2510 nulla
566 2465 800 2523 putaretur.
827 2454 980 2497 Petrus
999 2459 1142 2495 autem
1165 2447 1433 2493 simulatione
1451 2465 1526 2494 sua
1539 2484 1550 2504 ‚
1571 2458 1671 2494 tan-

299 2554 431 2603 quam
454 2535 501 2580 in
523 2532 545 2577 J
553 2530 749 2576 uda'ismo
775 2523 888 2570 salus
907 2531 1029 2576 esset,
1051 2518 1666 2579 cogebatgentesjudaizare42

346 2624 357 2645 1
373 2624 442 2652 Art,
456 2629 522 2652 ‚gx-1,
542 2617 607 2661 ‘'3:
623 2611 695 2637 --¹2
715 2609 818 2642 Galat.
834 2619 870 2649 ιι,
888 2608 940 2637 31.
957 2623 997 2629 ——
1015 2602 1028 2629 3
1045 2604 1089 2636 Id.
1106 2616 1134 2645 ν,
1150 2615 1180 2636 a.
1196 2619 1240 2626 ·—-
1253 2599 1333 2635 ⁴1d.
1353 2614 1392 2647 ιι,
1417 2611 1469 2640 14.
