1758 3246
337 287 423 344 154
734 308 768 338 s.
812 309 1051 341 Aucusrim
1087 312 1287 341 EPISCOPI

327 369 513 417 invenio.
540 371 893 425 Resurrecturam
917 385 1060 424 tamen
1085 392 1256 433 carnem
1282 375 1478 420 omnium
1497 376 1699 440 quicum-
1757 382 1758 431 ζ

326 456 410 502 que
427 441 516 486 nati
543 454 643 488 sunt
664 443 894 491 hominum
921 456 1048 508 atque
1072 457 1326 501 nascentur,
1354 456 1395 490 et
1419 447 1578 493 mortui
1601 457 1704 491 sunt

328 520 454 573 atque
484 513 723 560 morientur
742 552 753 571 ,
781 515 901 561 nullo
931 514 1062 560 modo
1091 515 1290 560 dubitare
1320 515 1447 560 debet
1486 516 1706 563 Christia-

324 600 418 631 nus,
443 585 567 630 Unde
588 587 732 649 primo
765 585 954 631 occurrit
978 584 1031 629 de
1061 585 1271 629 abortivis
1294 584 1476 644 foetibus
1500 586 1704 650 qnaestio,

321 655 398 718 qui
415 659 506 715 jam
524 657 701 720 quidem
721 655 812 701 nati
835 666 936 700 sunt
957 655 1000 700 in
1023 655 1155 699 uteris
1176 666 1384 710 matrum,
1413 656 1487 703 sed
1508 656 1703 703 nondum

322 724 382 770 ita
417 736 466 771 ut
503 730 593 785 jam
627 735 803 788 possent
835 724 1014 770 renasci.
1063 724 1107 769 Si
1139 724 1251 769 enim
1292 737 1605 772 resurrecturos
1635 742 1707 771 eos

321 794 553 842 dixerimus
568 795 585 824 1
605 816 615 850 ;
650 795 704 841 de
728 795 778 840 iis
803 795 877 858 qui
898 798 987 854 jam
1009 794 1184 839 formati
1211 805 1327 850 sunt,
1364 795 1537 841 tolerari
1560 805 1705 859 potest

320 875 558 929 utcumque
584 865 703 929 quod
724 865 888 911 dicitur
910 882 920 909 :
944 863 1147 909 informes
1168 881 1270 908 vero
1293 864 1470 909 abortus
1488 865 1587 930 quis
1614 882 1704 911 non

317 934 556 997 proclivius
583 936 725 998 perire
747 935 983 980 arbitretur
998 970 1008 989 ‚
1040 933 1149 978 sicut
1180 933 1341 979 semina
1363 951 1464 998 quae
1488 943 1706 997 concepta

317 1022 405 1050 non
428 1005 621 1052 fuerint?
645 1004 728 1051 Sed
753 1005 851 1069 quis
874 1020 1030 1063 negare
1063 1003 1240 1058 audeat,
1272 1005 1347 1048 etsi
1379 1003 1590 1064 affirmare
1615 1021 1707 1049 non

320 1074 493 1130 audeat,
524 1075 570 1121 id
595 1086 789 1121 acturam
813 1073 1169 1120 resurrectionem
1189 1110 1198 1128 ‚
1239 1084 1287 1118 ut
1307 1073 1525 1137 quidquid
1547 1073 1705 1120 formae

317 1144 455 1190 defuit
473 1145 742 1209 impleatur?
762 1146 902 1209 Atque
928 1144 987 1189 ita
1007 1162 1094 1189 non
1119 1143 1227 1188 desit
1246 1143 1472 1206 perfectio‚
1501 1161 1600 1207 quae
1626 1160 1702 1189 ac-

317 1228 485 1257 cessura
517 1227 610 1258 erat
645 1226 865 1274 tempore,
903 1212 1276 1273 quemadmodum
1309 1231 1399 1259 non
1439 1224 1566 1259 erunt
1597 1213 1703 1259 vitia

317 1298 419 1344 quae
439 1292 705 1328 accesserant
723 1292 918 1344 tempore
943 1297 954 1324 z
984 1291 1032 1325 ut
1055 1296 1194 1346 neque
1210 1281 1256 1325 in
1274 1297 1322 1325 eo
1344 1284 1464 1344 quod
1483 1294 1634 1344 aptum
1661 1293 1705 1328 et

320 1368 562 1411 congruum
581 1350 671 1397 dies
698 1350 867 1396 allaturi
886 1349 1074 1399 fuerant.
1111 1360 1265 1396 natura
1288 1346 1541 1398 fraudetur:
1563 1367 1707 1415 neque

315 1421 360 1466 in
384 1438 434 1466 eo
460 1421 580 1485 quod
607 1421 837 1466 adversum
864 1431 991 1485 atque
1020 1421 1288 1466 contrarium
1319 1420 1408 1465 dies
1440 1421 1703 1476 attulerant,

316 1502 470 1537 natura
496 1502 697 1554 turpetur
716 1512 727 1544 ;
764 1490 837 1535 sed
860 1491 1097 1550 integretur
1117 1490 1236 1555 quod
1259 1491 1456 1536 nondum
1477 1502 1567 1537 erat
1584 1493 1702 1537 inte—

315 1578 458 1619 grum,
487 1562 600 1607 sicut
627 1560 947 1606 instaurabitur
970 1560 1089 1623 quod
1113 1560 1254 1605 fuerat
1277 1561 1492 1609 vitiatum.
1532 1563 1595 1608 Ac
1626 1579 1709 1628 per

318 1630 406 1677 hoc
431 1630 806 1694 scrupulosissime
841 1629 1017 1693 quidem
1053 1630 1163 1674 inter
1194 1629 1465 1678 doctissimos
1489 1631 1628 1696 quaeri
1658 1650 1708 1678 ac

316 1700 530 1764 disputari
555 1711 724 1766 potest,
751 1699 872 1764 quod
899 1711 1046 1751 utrum
1072 1701 1128 1745 ab
1150 1700 1327 1749 homine
1357 1701 1549 1749 inveniri
1572 1702 1709 1766 possit

316 1771 485 1831 ignoro,
521 1770 700 1836 quando
732 1770 919 1832 incipiat
949 1769 1084 1815 homo
1122 1770 1166 1815 in
1189 1780 1311 1817 utero
1349 1771 1512 1827 vivere,
1555 1782 1707 1823 utrum

318 1842 371 1887 sit
397 1841 601 1905 quaedam
632 1841 720 1886 vita
754 1849 794 1884 et
825 1839 1016 1893 occulta,
1059 1857 1159 1903 quae
1183 1839 1381 1885 nondum
1407 1840 1602 1885 motibus
1635 1841 1706 1886 vi-

316 1911 456 1956 ventis
499 1921 721 1975 appareat.
774 1910 886 1956 Nam
926 1926 1081 1969 negare
1114 1910 1263 1955 vixisse
1305 1910 1537 1973 puerperia
1557 1947 1567 1966 ‚
1606 1927 1707 1973 quae

319 1991 550 2044 propterea
587 1980 865 2026 membratim
901 1989 1151 2024 exsecantur
1173 1990 1214 2024 ct
1236 1979 1471 2038 ejiciuntur
1501 1997 1548 2024 ex
1577 1980 1707 2026 uteris
1752 2008 1758 2015 ,.

320 2050 661 2113 praegnantium,
683 2067 737 2094 ne
758 2060 916 2095 matres
934 2066 1108 2112 quoque
1130 2050 1163 2093 si
1182 2060 1351 2095 mortua
1375 2049 1439 2094 ibi
1460 2049 1706 2113 relinquan-
1754 2080 1758 2084 π

318 2131 390 2166 tur
425 2120 645 2175 occidant,
677 2120 953 2182 impudentia
970 2120 1102 2165 nimia
1134 2119 1319 2165 videtur.
1356 2121 1418 2164 Ex
1441 2137 1529 2182 quo
1561 2131 1706 2166 autem

318 2190 475 2253 incipit
499 2190 633 2235 homo
656 2190 815 2245 vivere,
840 2207 887 2234 ex
910 2189 983 2234 illo
1005 2190 1153 2252 utique
1167 2193 1255 2248 jam
1278 2190 1386 2234 mori
1404 2200 1560 2253 potest.
1588 2191 1702 2236 Mor-

317 2271 418 2306 tuus
443 2278 562 2316 vero,
590 2260 857 2322 ubicumque
878 2259 941 2304 illi
962 2276 1075 2304 mors
1099 2260 1244 2322 potuit
1267 2260 1452 2316 evenire,
1476 2261 1705 2324 quomodo

317 2331 373 2376 ad
411 2329 768 2376 resurrectionem
803 2346 889 2374 non
932 2329 1148 2392 pertineat
1179 2340 1470 2386 mortuorum,
1514 2330 1705 2393 reperire

316 2418 405 2457 non
430 2417 622 2463 possum.
662 2400 811 2462 Neque
841 2399 955 2444 enim
981 2409 1022 2444 et
1045 2410 1236 2445 monstra
1268 2417 1368 2463 quae
1399 2410 1642 2445 nascuntur
1663 2410 1705 2444 et

319 2471 490 2527 vivunt,
519 2469 760 2534 quamlibet
783 2469 871 2514 cito
890 2470 1148 2525 moriantur,
1170 2480 1242 2514 aut
1260 2480 1552 2515 resurrectura
1576 2485 1704 2528 nega-

319 2540 503 2601 buntur,
541 2551 616 2586 aut
648 2541 707 2585 ita
730 2549 1019 2584 resurrectura
1045 2538 1259 2584 credenda
1285 2549 1401 2593 sunt,
1425 2555 1475 2584 ac
1499 2555 1585 2584 non
1615 2555 1702 2602 po-

373 2622 380 2643 ¹
402 2622 485 2653 Vid-v
502 2622 558 2654 hl).
578 2633 662 2663 xxix,
683 2622 721 2653 de
741 2621 837 2653 Civit.
859 2621 929 2661 Dei,
948 2634 973 2652 c.
1000 2633 1051 2660 η,
1077 2623 1126 2651 13.

1748 1356 1755 1630 ῑ

1744 1633 1753 2068 ἕ

1743 2126 1752 2183 {a

1742 2189 1758 2272 ἔ.

1741 2281 1758 2341 ξ.

1740 2347 1758 2408 μ

1738 2545 1758 2612 ξς
