1758 3246
329 331 384 361 DE
418 327 518 360 FIDE
554 329 606 360 ET
641 328 879 370 0PERIBUS,
920 328 1007 360 LIB.
1046 330 1077 360 1.
1346 312 1406 376 59

36 419 59 443 »
82 398 157 445 illo
170 397 202 444 1.
227 418 247 440 ›>
276 397 375 454 Quo
418 405 559 441 autem
601 395 819 457 pertinent
859 394 1005 439 omnia
1040 394 1202 454 flagitia
1239 411 1410 441 morum

36 469 268 522 malorum,
291 467 372 512 nisi
397 465 454 511 ad
482 464 638 510 mundi
656 465 733 524 huj
742 481 788 509 us
808 464 1116 510 dilectionem?
1143 464 1205 509 Ac
1224 482 1302 527 per
1324 465 1413 512 hoc

36 538 144 585 illud
166 538 359 600 primum
370 545 662 599 praeceptum‚
677 534 797 599 quod
816 534 869 579 ad
887 533 1176 596 baptizandos
1198 535 1412 596 pertinere

35 609 322 662 arbitrantur,
365 607 455 651 sine
491 606 620 652 bonis
649 605 848 651 moribus
882 603 1102 650 observari
1135 604 1258 649 nullo
1285 616 1415 667 pacto

35 688 190 742 potest.
221 676 332 722 Nolo
354 676 558 738 pluribus
584 675 824 731 immorari,
849 692 949 720 nam
974 674 1203 734 diligenter
1220 674 1415 720 conside-

35 759 128 794 rata
158 749 238 793 ista
269 747 356 792 duo
385 755 626 810 praecepta,
658 746 717 791 ita
743 763 791 791 ex
823 745 1029 792 alterutro
1063 762 1254 790 connexa
1289 761 1415 807 repe-

35 819 225 874 riuntur,
247 828 295 862 ut
323 833 402 862 nec
423 815 599 862 dilectio
629 816 709 861 Dei
731 816 867 879 possit
884 832 970 861 esse
987 816 1033 861 in
1050 815 1247 872 homine,
1274 814 1307 859 si
1327 831 1415 859 non

34 888 177 948 diligit
207 887 474 951 proximum,
513 903 592 931 nec
620 885 796 932 dilectio
834 885 1049 949 proximi,
1088 885 1235 930 sinon
1275 883 1418 943 diligit

34 962 191 1004 Deum.
217 957 301 1003 Sed
319 957 372 1002 ad
393 973 483 1001 rem
500 972 601 1019 quae
619 972 738 1001 nunc
762 956 922 1015 agitur,
945 954 1067 1018 quod
1083 954 1137 1000 de
1153 953 1224 1000 his
1238 953 1414 1000 duobus

34 1028 268 1092 praeceptis
290 1027 475 1072 diximus
500 1026 673 1072 sufficit.

99 1098 240 1143 XVII.
273 1098 330 1142 At
357 1097 473 1141 enim
491 1093 682 1157 populus
705 1095 840 1140 Israel
865 1095 1060 1158 primum
1084 1112 1165 1158 per
1192 1111 1310 1140 mare
1327 1094 1419 1141 Ru-

34 1168 167 1213 brum
198 1165 355 1211 ductus
384 1174 463 1217 est,
497 1180 586 1227 quo
614 1164 885 1223 significatur
905 1165 1178 1228 baptismus;
1209 1175 1251 1209 et
1267 1175 1418 1228 postea

34 1236 170 1296 legem
195 1234 380 1297 accepit,
411 1233 489 1278 ubi
517 1233 700 1279 disceret
718 1233 1093 1296 quemadmodum
1118 1235 1295 1280 viveret.
1328 1233 1421 1279 Cur

36 1322 135 1365 ergo
163 1303 438 1367 baptizandis
460 1302 528 1349 vel
564 1302 827 1365 Symbolum
860 1303 1093 1360 tradimus,
1125 1303 1422 1349 reddendum-

35 1393 119 1440 que
141 1374 442 1438 reposcimus?
476 1373 599 1419 Nihil
628 1374 743 1419 enim
763 1373 848 1419 tale
876 1373 1043 1420 factum
1071 1384 1134 1419 est
1168 1391 1266 1433 erga
1291 1373 1386 1420 illos
1405 1411 1419 1431 ‚

34 1463 143 1509 quos
169 1462 249 1508 per
272 1461 390 1489 mare
410 1443 617 1488 Rubrum
648 1444 763 1489 Deus
788 1443 844 1489 ab
869 1442 1083 1506 AEgyptiis
1101 1442 1305 1489 liberavit
1318 1444 1350 1490 2.
1380 1444 1427 1490 Si

36 1526 178 1561 autem
219 1524 332 1560 recte
374 1513 624 1573 intelligunt
667 1514 754 1558 hoc
796 1513 1033 1573 significari
1067 1513 1421 1576 praecedentibus

34 1585 248 1649 mysteriis
278 1584 332 1630 de
366 1584 573 1643 sanguine
597 1584 688 1629 ovis
715 1583 918 1647 postibus
950 1584 1078 1639 illito,
1107 1594 1149 1628 et
1185 1583 1239 1629 de
1265 1584 1427 1647 azymis

36 1654 291 1700 sinceritatis
315 1664 355 1699 et
384 1653 604 1707 veritatis3
631 1670 710 1698 cur
737 1670 826 1698 non
849 1653 980 1699 etiam
1010 1653 1121 1699 illud
1148 1670 1420 1717 consequen—

36 1736 101 1770 ter
120 1724 387 1783 intelligunt‚
424 1723 565 1786 ipsam
596 1723 652 1768 ab
675 1723 885 1786 AEgyptiis
916 1724 1233 1786 separationem
1260 1724 1422 1783 signifi-

36 1811 133 1840 care
157 1793 459 1839 discessionem
483 1811 506 1838 a
532 1793 741 1856 peccatis,
767 1810 899 1856 quam
918 1793 1176 1857 baptizandi
1206 1794 1422 1857 profiten-

36 1867 139 1910 tur?
169 1864 237 1910 Ad
270 1864 358 1908 hoc
394 1863 509 1908 enim
538 1863 726 1926 pertinet
764 1863 886 1927 quod
913 1882 936 1909 a
962 1865 1093 1909 Petro
1130 1863 1300 1909 dictum
1328 1875 1419 1909 est:

36 1955 58 1975 «
82 1935 204 1994 Agite
221 1933 547 1996 poenitentiam,
572 1943 615 1978 et
639 1933 890 1996 baptizetur
911 1934 1211 1997 unusquisque
1235 1944 1427 1980 vestrum

36 2023 58 2045 >³
80 2003 127 2049 in
164 2003 340 2048 nomine
375 2002 555 2047 Domini
589 2003 725 2047 nostri
764 2004 867 2047 Jesu
903 2002 1137 2048 Christiss:
1165 2023 1187 2044 >³
1211 2013 1422 2066 tanquam,

36 2073 230 2119 diceret:
260 2071 466 2117 Recedite
513 2071 569 2116 ab
612 2073 798 2134 AEgypto
818 2108 829 2127 ‚
872 2082 914 2117 et
958 2089 1037 2136 per
1077 2089 1196 2118 mare
1214 2072 1424 2118 Rubrum

37 2143 225 2189 transite.
247 2142 374 2187 Unde
393 2153 435 2187 et
450 2142 496 2187 in
516 2141 712 2205 Epistola
725 2158 827 2204 quae
841 2141 896 2188 ad
919 2143 1131 2188 Hebraeos
1148 2143 1421 2199 inscribitur,

37 2230 139 2259 eum
177 2228 327 2258 eorum
370 2212 448 2275 qui
479 2210 760 2274 baptizantur
796 2222 1244 2258 commemorarentur
1276 2212 1423 2269 initia,

39 2284 180 2347 posita
207 2292 269 2328 est
301 2282 364 2327 ibi
385 2281 646 2345 poenitentia
681 2301 702 2327 a
733 2283 914 2327 mortuis
938 2283 1160 2346 operibus.
1207 2282 1279 2328 Sic
1306 2283 1421 2327 enim

36 2353 149 2399 vdicit
177 2370 188 2397 ε
219 2351 364 2397 «Ideo
391 2352 654 2397 remittentes
674 2353 795 2398 initia
822 2353 988 2398 Christi
1011 2354 1215 2407 Verbum„
1247 2352 1291 2397 in
1311 2370 1421 2397 con-

44 2444 64 2464 n
87 2423 418 2478 summationem
441 2423 737 2485 respiciamus,
772 2440 858 2468 non
897 2423 1054 2470 iterum
1081 2423 1288 2483 jacientes
1316 2422 1422 2467 fun-

43 2513 64 2535 »
89 2493 341 2539 <lamentum
364 2493 636 2555 poenitentiae
672 2511 695 2538 a
721 2493 902 2538 mortuis
927 2494 1158 2555 operibusa
1188 2503 1230 2538 et
1252 2492 1352 2537 fidei
1376 2492 1421 2537 in

42 2583 63 2604 ³)
86 2564 246 2619 Deum,
266 2563 431 2608 lavacri
451 2562 683 2619 doctrinae,
711 2564 1001 2626 impositionis
1022 2579 1254 2620 manuum,
1278 2580 1424 2608 resur-

88 2646 99 2669 ¹
120 2658 131 2676 1
150 2649 243 2677 Joan.
260 2657 297 2684 11,
314 2647 422 2676 15.—-
438 2643 453 2666 2
467 2646 566 2677 Exod.
590 2658 653 2684 xw,
671 2658 724 2678 21.
737 2665 778 2670 -—
795 2644 810 2668 3
826 2649 898 2678 Act.
920 2658 957 2684 ιι,
983 2648 1038 2679 38,
