1758 3246
368 264 421 292 DE
458 263 580 292 BONO
618 263 884 302 CONJIJGMJ,
923 263 1007 294 Liss.
1053 265 1080 293 Ι.
1327 262 1412 309 271

48 329 237 394 quodam
264 344 386 373 sensu
410 338 576 372 naturae
610 325 801 370 mortalis
834 327 1146 372 successionem
1184 326 1421 373 decessioni

46 397 314 462 requirentis.
348 395 480 452 Quod
500 395 695 458 quisquis
715 395 881 440 bonum
904 405 1031 454 negat
1050 433 1061 450 ‚
1090 396 1259 456 ignorat
1281 397 1421 441 Deum

48 468 241 531 omnium
260 467 476 512 bonorum
495 483 517 510 a
534 464 784 510 coelestibus
812 481 946 528 usque
967 464 1022 510 ad
1047 476 1213 510 terrena
1232 503 1243 521 ‚
1268 467 1322 511 ab
1343 466 1421 511 im-

46 536 303 601 mortalibus
321 543 455 599 usque
473 535 526 580 ad
543 535 739 580 mortalia
751 535 1014 582 Creatorem.
1031 536 1127 581 Hoc
1145 547 1286 581 autem
1299 554 1423 581 sensu

48 605 278 667 generandi
303 622 382 650 nec
410 605 563 650 bestiae
586 605 759 669 penitus
778 615 927 650 carent
949 642 960 662 ,
987 616 1029 650 et
1063 605 1246 650 maxime
1272 605 1388 650 alites
1407 643 1418 662 ‚

47 693 229 741 quarum
247 676 292 737 in
313 685 524 742 promptu
541 685 603 719 cst
627 692 730 720 cura
748 674 1022 731 nidificandi,
1041 686 1082 720 et
1097 674 1299 738 quaedam
1321 691 1422 720 con-

42 747 265 813 jugiorum
305 742 546 789 similitudo
581 745 635 790 ad
671 746 799 791 simul
831 746 1154 808 procreandum
1184 757 1311 806 atque
1336 760 1423 788 nu-

47 815 280 861 triendum.
313 813 396 859 Sed
418 813 480 856 illi
501 814 700 856 homines
718 816 848 856 istum
874 822 1043 857 naturae
1064 811 1256 857 mortalis
1288 810 1421 857 affec-

48 898 140 931 tum
156 922 167 942 ,
207 887 330 942 cujus
353 882 396 926 in
430 898 506 926 suo
542 898 691 941 genere
716 882 885 927 castitas
913 881 1141 927 accedente
1165 882 1244 927 Dei
1267 883 1387 928 cultu
1408 921 1419 940 ,

48 955 158 999 sicut
178 951 357 1016 quidam
376 950 780 1006 intellcxc1·unt1,in
804 951 1032 996 tricenario
1054 950 1200 997 fructu
1224 952 1419 1016 ponitur,

47 1023 170 1082 longe
202 1021 412 1067 sanctiore
437 1031 583 1085 niente
600 1020 864 1083 superabant
885 1058 895 1077 ,
941 1021 1016 1088 qui
1057 1021 1110 1067 de
1144 1021 1228 1067 suis
1262 1024 1425 1085 nuptiis

50 1093 160 1138 filios
181 1102 363 1155 propter
386 1090 614 1136 Christum
633 1092 914 1154 quaerebant‚
943 1091 997 1136 ad
1017 1109 1149 1151 genus
1164 1097 1253 1150 ejus
1276 1110 1427 1137 seeun-

50 1163 152 1214 dum
181 1178 353 1207 carnem
381 1160 734 1220 distinguendum
754 1160 809 1205 ab
827 1161 1030 1206 omnibus
1051 1160 1251 1220 gentibus
1276 1178 1285 1204 :
1313 1161 1425 1206 sicut

50 1235 141 1279 Deo
165 1232 391 1297 disponere
408 1230 573 1294 placuit
591 1268 603 1288 ,
627 1241 674 1276 ut
699 1230 786 1276 hoc
809 1248 901 1294 prae
924 1224 1090 1276 c'aeteris
1114 1230 1169 1276 ad
1192 1247 1292 1276 euni
1316 1249 1424 1292 pro-

48 1300 322 1367 phetandum
349 1301 510 1346 valeret
528 1337 540 1355 ‚
567 1301 686 1362 quod
709 1301 1088 1362 praenuntiabatur
1111 1316 1157 1344 ex
1184 1316 1271 1361 quo
1297 1300 1426 1346 etiam

51 1389 199 1433 genere
217 1381 258 1416 et
272 1388 318 1415 ex
334 1386 419 1432 qua
445 1380 568 1428 gente
589 1381 695 1425 esset
717 1370 760 1414 in
787 1366 924 1415 carnev
943 1369 1306 1415 venturusValde
1326 1388 1425 1431 ergo

51 1454 296 1488 nostrorum
324 1439 517 1485 fidelium
550 1439 677 1485 castis
708 1440 872 1502 nuptiis
897 1439 1084 1502 amplius
1108 1439 1273 1485 bonum
1299 1452 1388 1486 erat
1412 1479 1423 1498 ‚

52 1513 169 1576 quod
193 1522 317 1575 pater
338 1510 560 1557 Abraham
574 1511 620 1556 in
640 1528 715 1556 suo
734 1510 892 1555 femore
912 1511 1136 1566 noverat‘2,
1159 1511 1229 1569 cui
1249 1528 1426 1557 manum

52 1582 235 1629 subdere
260 1580 471 1627 famulum
491 1582 640 1640 jussit,
669 1592 716 1626 ut
730 1580 782 1625 de
801 1597 926 1625 uxore
944 1597 1042 1643 quae
1064 1598 1086 1625 a
1110 1580 1198 1625 fflio
1216 1592 1322 1626 esset
1341 1582 1425 1628 du—

52 1652 189 1699 cenda
204 1655 386 1711 juraret.
421 1650 591 1695 Poncns
608 1651 723 1695 enim
742 1667 919 1695 manum
943 1650 1024 1694 sub
1041 1649 1200 1694 seniore
1218 1650 1426 1710 hominis,

53 1732 94 1766 et
113 1724 262 1780 jurans
284 1737 362 1783 per
381 1720 521 1764 Deum
544 1719 642 1765 coeli
664 1757 675 1776 ‚
698 1718 805 1782 quid
832 1718 946 1764 aliud
968 1719 1241 1778 significabat
1259 1758 1268 1776 ,
1291 1722 1368 1766 nisi
1385 1724 1430 1768 in

54 1808 100 1836 ea
126 1807 253 1835 carne
274 1827 286 1846 ,
325 1806 423 1852 quae
450 1806 496 1834 ex
521 1789 594 1834 illo
622 1789 783 1834 femore
808 1789 1017 1848 originem
1042 1789 1218 1835 duceret
1239 1828 1250 1847 ,
1287 1792 1429 1838 Deum

55 1861 155 1909 coeli
181 1879 266 1907 esse
292 1864 557 1907 venturum?
593 1863 764 1907 Bonum
790 1878 890 1921 ergo
915 1873 1016 1907 sunt
1042 1863 1209 1924 nuptiae
1226 1900 1237 1919 ,
1261 1863 1307 1908 in
1331 1866 1431 1927 qui-

54 1934 137 1980 bus
161 1943 281 1978 tanto
317 1931 512 1977 meliores
535 1943 635 1977 sunt
669 1932 915 1992 conjugati,
955 1944 1119 1999 quanto
1157 1934 1356 1979 castiores
1382 1953 1431 1981 ac

55 2001 265 2049 fideliores
289 2003 431 2047 Deum
452 2001 604 2046 timent
622 2039 633 2058 ,
661 2003 843 2048 maxime
868 2002 903 2047 si
920 2001 1048 2059 filios,
1076 2019 1184 2066 quos
1207 2005 1436 2051 carnaliter

55 2072 301 2118 desiderant
322 2109 333 2127 ,
361 2072 489 2116 etiam
515 2071 766 2134 spiritaliter
784 2071 993 2118 nutriant.

0 2204 1 2213 ἵ
121 2142 291 2203 XXIII.
333 2142 424 2186 Nec
452 2140 567 2203 quod
590 2141 815 2203 purificari
836 2141 902 2186 lex
916 2141 1139 2186 hominem
1154 2152 1196 2186 et
1209 2154 1308 2205 post
1326 2162 1436 2190 con—

50 2210 241 2272 jugalem
279 2211 565 2256 concubitum
591 2211 748 2270 jubet,
775 2222 1004 2275 peccatum
1029 2229 1115 2257 esse
1139 2212 1329 2259 declarat
1354 2235 1364 2268 ;
1404 2218 1438 2261 si

57 2299 146 2327 non
167 2292 229 2326 est
251 2280 321 2326 ille
339 2280 416 2344 qui
438 2280 677 2326 secundum
703 2282 879 2327 veniam
906 2281 1163 2327 conceditur
1179 2320 1190 2337 ‚
1212 2284 1287 2345 qui
1309 2285 1438 2330 etiam

0 2360 1 2392 1
58 2351 216 2401 nimius
242 2349 428 2414 impedit
463 2350 691 2398 orationes.
733 2350 818 2396 Sed
845 2352 957 2396 sicut
983 2351 1119 2396 multa
1151 2351 1215 2396 lex
1234 2355 1361 2415 ponit
1394 2355 1440 2400 in

54 2419 337 2470 ,sacramentis
375 2430 417 2465 et
446 2419 612 2465 umbris
654 2419 922 2478 futurorum3
960 2419 1163 2483 quaedam
1196 2420 1242 2466 in
1282 2424 1442 2470 semine

0 2517 1 2520 ¹
61 2486 184 2552 quasi
207 2487 439 2531 materialis
459 2488 704 2536 informitas
719 2528 730 2549 ,
751 2508 850 2554 quae
866 2489 1050 2535 formata
1070 2506 1228 2553 corpus
1252 2491 1440 2540 hominis

110 2570 122 2594 ¹
140 2568 224 2601 vide
242 2567 298 2599 lib.
313 2567 352 2599 de
363 2565 573 2609 virginitate,
593 2577 663 2610 cap.
687 2573 744 2606 45,
760 2591 805 2599 ...
818 2571 834 2595 2
851 2575 934 2606 Gen·
950 2582 1036 2607 XMV,
1052 2582 1082 2601 2,
1412 2562 1415 2563 ⁷
