1758 3246
486 283 541 315 DE
576 283 824 324 mammo,
865 285 950 317 [ΑΒ.
994 285 1025 317 1.
1338 266 1430 328 433

68 352 187 417 quod
212 352 343 400 verba
371 349 497 395 Pauli
519 349 749 395 ostendunt
769 349 948 395 dicentis
970 368 979 394 :
999 371 1019 390 «
1035 350 1267 405 Quomodo
1290 363 1432 411 gentes

69 447 90 467 »
109 424 224 484 cogis
238 422 490 483 judaizare?
512 442 531 461 »
560 422 658 465 Non
691 420 805 465 enim
828 429 1085 479 cogerentur
1100 455 1112 475 ,
1134 421 1215 465 nisi
1239 422 1434 471 viderent

69 512 165 540 eum
191 495 250 539 sic
273 510 341 538 eas
363 492 591 537 observare
607 528 617 546 ,
644 490 765 553 quasi
795 500 952 553 praeter
981 489 1074 534 illas
1101 490 1213 535 salus
1236 510 1321 538 esse
1345 513 1431 541 non

68 574 224 626 posset.
262 561 378 606 Petri
396 577 495 619 ergo
513 559 729 605 simulatio
748 559 938 604 libertati
963 558 1086 603 Pauli
1112 576 1199 604 non
1227 573 1288 606 est
1311 581 1434 608 com-

67 631 275 695 paranda.
303 632 356 675 Et
373 629 470 675 ideo
490 630 667 673 Petrum
686 644 827 673 amare
841 627 1048 673 debemus
1063 628 1248 674 libenter
1262 646 1437 677 correc-

71 712 180 757 tum,
201 718 289 745 non
312 710 454 745 autem
465 709 651 743 astruere
669 698 799 742 etiam
815 697 867 742 de
886 697 1011 742 Pauli
1032 698 1287 744 auctoritate
1306 718 1430 747 men-

68 770 243 816 dacium
275 787 285 814 :
311 768 387 832 qui
410 778 451 813 et
474 769 651 812 Petrum
678 783 823 811 coram
848 767 1051 812 omnibus
1072 768 1117 812 in
1142 779 1303 814 rectam
1322 771 1438 817 viam

68 839 315 894 revocavit,
343 855 395 883 ne
419 848 561 897 gentes
596 853 674 899 per
702 853 800 881 eum
833 835 1053 895 jtlda'izare
1085 849 1367 897 cogerentur3
1397 852 1438 886 et

68 910 159 972 ipse
182 926 270 954 suae
289 908 592 972 praedicationi
620 916 838 951 attestatus
863 917 953 961 est,
983 906 1058 969 qui
1081 924 1181 953 cum
1213 920 1442 971 putaretur

70 979 205 1024 hostis
222 988 499 1041 paternarum
523 976 826 1030 traditionum,
850 992 898 1020 eo
918 976 1037 1038 quod
1070 977 1244 1022 nolebat
1264 996 1331 1025 eas
1351 981 1440 1026 im-

69 1065 227 1112 ponere
250 1048 466 1107 gentibus,
484 1064 572 1091 non
595 1056 843 1108 aspernatus
867 1062 934 1090 eas
957 1046 1048 1107 ipse
1071 1063 1188 1092 more
1207 1050 1348 1110 patrio
1366 1068 1441 1097 ce-

68 1119 233 1164 lebrare
254 1156 264 1174 ‚
293 1118 391 1163 satis
415 1116 601 1162 ostendit
624 1117 709 1161 hoc
731 1116 777 1160 in
808 1116 866 1161 eis
892 1115 1069 1161 Christo
1095 1117 1348 1165 adveniente
1370 1139 1441 1167 re-

68 1188 266 1233 mansisse
283 1224 293 1243 ,
322 1197 370 1231 ut
387 1204 465 1231 nec
487 1185 653 1230 Judaeis
681 1195 816 1229 essent
838 1185 1094 1246 perniciosae
1111 1223 1122 1240 ‚
1144 1204 1222 1231 nec.
1243 1191 1442 1246 gentibus

66 1258 314 1303 necessariae
329 1292 340 1310 ,
368 1272 447 1299 nec
463 1259 555 1313 jam
575 1254 780 1315 cuiquam
809 1254 1040 1299 hominum
1059 1255 1275 1304 salutares.

123 1327 200 1371 lx.
239 1324 370 1381 Quod
387 1325 421 1368 si
441 1324 672 1368 auctoritas
692 1323 927 1367 mentiendi
944 1341 1023 1368 nec
1038 1323 1091 1369 de
1113 1326 1300 1390 antiquis
1316 1328 1442 1376 libris

64 1394 249 1458 proferri
263 1403 421 1456 potest,
436 1391 504 1438 vel
525 1391 626 1454 quia
645 1409 732 1436 non
750 1402 811 1436 est
834 1392 1109 1438 mendacium
1128 1396 1248 1458 quod
1263 1397 1443 1457 figurate

65 1476 228 1525 gestum
252 1464 472 1509 dictumve
494 1462 722 1524 recipitur,
750 1462 818 1507 vel
841 1463 944 1524 quia
961 1463 1088 1508 bonis
1108 1465 1161 1510 ad
1180 1466 1442 1516 imitandum

64 1552 152 1580 non
176 1533 438 1597 proponitur
460 1531 579 1594 quod
604 1531 648 1576 in
672 1531 793 1576 malis
811 1567 822 1586 ‚
850 1549 951 1577 cum
979 1534 1186 1595 proficere
1206 1539 1437 1599 coeperint,

63 1606 108 1651 in
124 1605 282 1667 pejoris
299 1603 620 1665 comparatione
634 1601 835 1647 laudatur
851 1622 862 1655 ;
882 1620 960 1647 nec
979 1602 1032 1647 de
1050 1605 1160 1649 Novi
1180 1606 1442 1656 Testamenti

61 1675 202 1729 libris,
216 1673 318 1737 quia
332 1689 478 1717 correc
486 1672 542 1716 tio
556 1671 698 1733 potius
713 1688 846 1734 quam
859 1671 1091 1728 simulatio,
1111 1674 1223 1720 sicut
1234 1675 1441 1741 lacrymae

62 1744 207 1806 potius
229 1759 361 1805 quam
386 1741 556 1800 negatio
575 1741 692 1785 Petri
711 1751 774 1786 est
796 1741 1006 1787 imitanda
1035 1760 1045 1787 ε
1071 1746 1161 1802 jam
1185 1745 1268 1791 illis
1294 1764 1438 1794 exem-

62 1813 161 1876 plis,
172 1829 269 1875 quae
283 1811 336 1857 de
350 1809 572 1857 communi
585 1811 672 1855 vita
688 1810 984 1873 proferuntur,
999 1814 1137 1859 multo
1153 1816 1441 1864 confidentius

63 1894 252 1929 asserunt
276 1899 362 1927 non
385 1898 469 1926 esse
494 1880 773 1926 credendum.
801 1881 927 1926 Prius
946 1883 1060 1928 enim
1082 1884 1242 1929 docent
1266 1886 1434 1950 iniqui-

62 1964 191 1998 tatem
214 1970 300 1998 esse
324 1950 596 1997 mendacium
622 1987 633 2005 ,
676 1949 822 1995 multis
858 1951 1132 1997 documentis
1170 1955 1434 2003 Litterarum

60 2034 327 2078 sanctarum,
368 2031 409 2066 et
434 2037 483 2065 eo
507 2020 687 2065 maxime
716 2019 836 2081 quod
860 2021 1073 2084 scriptum
1100 2034 1162 2068 est
1189 2041 1199 2068 ε
1227 2045 1243 2066 (ι
1269 2025 1431 2082 Odisti,

61 2115 81 2135 »
105 2093 290 2138 Domine
307 2128 318 2147 ,
357 2106 503 2135 omnes
538 2088 615 2152 qui
658 2100 893 2151 operantur
928 2091 1202 2154 iniquitatem
1222 2130 1234 2149 ,
1279 2096 1433 2158 perdes

59 2185 80 2206 »
103 2180 249 2208 omnes
267 2162 344 2225 qui
367 2161 610 2224 loquuntur
630 2159 979 2207 mendacium.»
999 2166 1087 2207 Aut
1105 2163 1237 2220 enim,
1262 2176 1310 2210 ut
1327 2166 1432 2211 solet

59 2234 310 2297 Scriptura,
339 2229 530 2294 sequenti
553 2246 676 2275 versu
699 2230 894 2292 exposuit
927 2233 1215 2295 superiorem3
1244 2245 1290 2279 ut
1313 2252 1429 2297 quo-

57 2305 173 2351 niam
194 2303 322 2348 latius
345 2300 448 2346 solet
463 2310 610 2363 patere
628 2299 833 2362 iniquitas
854 2337 864 2357 ,
888 2301 1178 2361 intelligamus
1205 2305 1429 2350 nominato

56 2373 282 2420 mendacio
310 2382 517 2433 tanquam
540 2369 724 2432 speciem
752 2369 991 2433 iniquitatis
1013 2373 1254 2431 significare
1273 2373 1426 2419 volue-

56 2444 113 2490 rit
142 2461 153 2488 :
176 2453 248 2488 aut
273 2442 307 2487 si
327 2439 493 2504 aliquid
516 2439 714 2485 interesse
743 2441 1031 2498 arbitrantur,
1066 2453 1186 2487 tanto
1208 2446 1330 2504 pejus
1364 2455 1425 2489 est

54 2511 348 2567 mendacium,
369 2519 532 2574 quanto
551 2510 722 2569 gravius
736 2511 927 2575 positum
949 2522 1010 2558 est
1027 2534 1047 2554 «
1063 2512 1242 2569 PerdeS,
1258 2533 1280 2554 >2
1293 2529 1425 2576 quam

104 2599 116 2625 Ι
131 2600 208 2632 Psal.
224 2610 253 2634 v,
273 2610 303 2637 ς.

184 2665 369 2695 cxxxni.
1239 2651 1298 2696 228
