1758 3246
134 345 309 376 ‹zoa-Tm
347 345 609 374 MENDACHM
646 345 702 375 An
738 345 1042 385 cousuxriiai,
1083 347 1167 378 Lm.
1213 347 1241 378 1.
1318 332 1411 388 483

47 418 145 463 haic
168 429 295 463 erunt
318 428 463 463 sancta
487 417 590 461 retia
605 454 616 474 ,
644 417 802 481 quibus
823 417 1053 480 capiantur
1069 420 1277 464 veraciter
1292 456 1303 475 ‚
1330 436 1418 465 non

46 487 314 533 mendaciter
335 487 622 550 inquirantur.
655 488 727 534 sic
755 487 869 533 enim
890 487 1010 550 capti
1027 524 1038 544 ,
1073 499 1147 533 aut
1171 489 1285 535 ultro
1307 489 1416 554 quid

45 555 205 602 fuerint
220 555 475 602 fatebuntur
489 594 499 614 ,
523 567 564 602 et
586 556 687 603 alios
706 574 813 620 quos
832 556 879 602 in
899 573 973 602 sua
990 556 1102 602 mala
1121 559 1322 604 societate
1340 575 1416 604 no·

50 636 226 682 verunt,
274 625 343 672 vel
383 625 658 672 concorditer
701 627 942 686 corrigent,
981 625 1048 672 vel
1087 627 1420 674 misericorditer

47 694 236 759 prodent
258 713 268 741 :
296 710 371 742 aut
393 696 427 741 si
449 713 518 743 eos
541 695 728 760 pudebit
749 695 872 742 fateri
897 695 1017 759 quod
1042 696 1250 743 diuturna
1277 698 1417 744 simu--

47 766 208 811 latione
224 776 431 823 texerunt,
449 766 619 812 occulta
633 783 764 812 manu
780 765 859 811 Dei
872 766 1115 812 medicante
1129 767 1413 815 sanabuntur.

113 835 216 883 Xll.
260 836 343 883 Sed
364 837 500 882 multo
524 835 692 882 facilius
709 874 719 893 ,
743 836 912 900 inquies
929 874 940 893 ‚
965 853 1113 883 eorum
1136 836 1320 884 latibula
1338 857 1421 902 pe-

51 917 267 952 netramus
281 944 293 963 ‚
321 907 355 952 si
376 906 494 970 quod
516 917 615 952 sunt
638 924 714 953 nos
737 924 822 952 esse
844 907 1118 954 mentiamur.
1150 908 1246 954 Hoc
1266 908 1300 954 si
1322 908 1424 954 lice·

52 987 116 1022 ret
141 987 216 1022 aut
243 977 483 1041 expediret,
504 978 647 1041 potuit
667 977 867 1024 Christus
884 977 1122 1041 praecipere
1139 979 1296 1025 ovibus
1314 979 1418 1036 suis,

53 1058 102 1092 ut
126 1047 288 1111 lupinis
309 1048 478 1094 amictae
503 1048 691 1111 pellibus
710 1048 765 1094 ad
783 1047 910 1112 lupos
935 1048 1130 1094 venirent
1148 1087 1160 1105 ,
1185 1059 1227 1095 et
1247 1066 1316 1095 eos
1332 1049 1424 1095 hu-

47 1121 120 1178 jus
151 1118 252 1164 artis
285 1116 467 1164 fallaciis
494 1118 764 1165 invenirent1
788 1137 799 1164 ι
834 1119 954 1185 quod
984 1119 1042 1165 eis
1061 1137 1152 1165 non
1186 1119 1316 1177 dixit,
1345 1136 1425 1166 nec

53 1187 230 1251 quando
253 1206 321 1234 eas
345 1190 390 1234 in
413 1189 605 1236 medium
642 1189 848 1253 luporum
873 1207 914 1235 se
938 1190 1170 1235 missurum
1197 1207 1282 1236 esse
1303 1207 1426 1253 prae-

52 1256 170 1305 dixit.
204 1259 287 1304 Sed
312 1259 426 1304 dices
446 1277 456 1304 ε
482 1261 582 1305 Non
601 1270 723 1305 erant
743 1270 847 1305 tunc
868 1260 1144 1321 inquirendi,
1168 1277 1267 1306 cum
1290 1271 1427 1306 essent

52 1328 306 1391 apertissimi
323 1328 416 1392 lupi
433 1367 444 1386 ,
466 1328 537 1374 sed
556 1345 704 1374 eorum
724 1346 893 1375 morsus
913 1340 955 1375 et
973 1330 1136 1376 saevitia
1151 1329 1419 1393 perferenda.

52 1398 171 1454 Quid
203 1416 304 1444 cum
342 1409 539 1463 tempora
568 1400 807 1463 posteriora
835 1399 1162 1463 praenuntians,
1193 1400 1240 1445 in
1271 1400 1429 1446 vestitu

51 1467 197 1513 ovium
223 1468 328 1514 dixit
357 1487 533 1533 rapaces
555 1469 682 1533 lupos
711 1487 796 1516 esse
815 1473 1047 1516 venturos?
1078 1487 1221 1515 nonne
1247 1470 1312 1515 ibi
1336 1480 1428 1515 erat

49 1537 170 1584 locus
188 1549 234 1584 ut
250 1538 349 1585 haec
366 1551 558 1585 moneret
576 1550 616 1585 et
636 1539 797 1586 diceret
819 1557 830 1585 ι
860 1541 912 1586 Et
930 1558 1006 1586 vos
1027 1551 1073 1586 ut
1093 1557 1162 1586 eos
1178 1540 1423 1597 inveniatis,

51 1608 248 1654 assumite
271 1610 471 1655 vestitum
501 1609 708 1674 luporum
723 1648 734 1666 ‚
765 1610 1022 1656 intrinsecus
1048 1621 1187 1656 autem
1210 1628 1308 1656 oves
1328 1628 1426 1657 ma-

50 1681 172 1725 nete?
199 1679 295 1725 Non
330 1680 415 1726 hoc
452 1679 537 1734 ait3
579 1680 651 1725 sed
684 1697 785 1726 cum
820 1678 1027 1726 dixisset:
1063 1703 1083 1722 «
1117 1680 1246 1726 Multi
1273 1680 1328 1726 ad
1352 1698 1427 1726 vos

50 1748 262 1796 »venient
293 1750 338 1796 in
366 1750 520 1796 vestitu
545 1752 719 1808 ovium,
754 1751 1014 1797 intrinsecus
1040 1762 1181 1797 autem
1213 1763 1313 1798 sunt
1331 1751 1426 1815 lupi

50 1841 70 1862 ›>
91 1837 265 1884 rapaces
287 1837 296 1864 :
323 1842 340 1861 n
376 1838 463 1866 non
504 1819 674 1867 addidit
698 1840 708 1866 ι
742 1822 801 1866 Ex
837 1821 1072 1867 mendaciis
1096 1822 1244 1867 vestris
1261 1859 1272 1878 ‚
1310 1821 1382 1868 sed
1411 1839 1422 1866 ε

49 1913 69 1933 «
92 1892 152 1936 Ex
183 1889 398 1936 fructibus
432 1907 579 1937 eorum
616 1891 882 1952 cognoscetis
907 1892 1022 1938 eos2.
1057 1913 1077 1932 υ
1113 1891 1301 1937 Veritate
1325 1902 1427 1938 sunt

0 1981 1 2022 ᾗ
49 1961 257 2018 cavenda,
278 1962 456 2008 veritate
473 1961 703 2025 capienda,
727 1961 904 2008 veritate
922 1961 1162 2008 occidenda
1177 1962 1418 2010 mendacia.

0 2042 1 2047 ’
50 2032 174 2078 Absit
210 2043 257 2078 ut
297 2032 591 2096 blasphemias
626 2032 953 2093 ignorantium,
994 2033 1176 2079 scienter
1210 2033 1423 2098 blasphe-

48 2104 208 2150 mando
236 2104 460 2150 vincamus
485 2122 494 2149 τ
525 2104 637 2150 absit
663 2115 710 2150 ut
733 2103 845 2149 mala
869 2102 1089 2150 fallacium
1113 2104 1326 2151 imitando
1344 2122 1422 2151 ca-

47 2191 236 2221 veamus.
286 2174 518 2231 Quomodo
553 2176 666 2221 enim
699 2174 975 2231 cavebimus,
1011 2175 1047 2220 si
1086 2186 1134 2221 ut
1165 2193 1419 2232 caveamus,

46 2244 341 2290 habebimus?
378 2245 423 2290 Si
449 2245 560 2290 enim
596 2257 644 2291 ut
669 2245 867 2309 capiatur
899 2245 975 2309 qui
1011 2245 1289 2309 blasphemat
1318 2264 1419 2292 nes-

47 2316 188 2372 ciens,
225 2315 545 2379 blasphemabo
574 2317 737 2370 sciens3
771 2319 894 2380 pejus
923 2326 985 2361 est
1010 2316 1130 2380 quod
1155 2334 1260 2377 ago,
1287 2334 1420 2380 quam

47 2385 166 2449 quod
185 2386 325 2449 capio,
361 2386 406 2431 Si
438 2396 486 2431 ut
511 2387 759 2433 inveniatur
790 2387 867 2450 qui
899 2386 1127 2432 Christum
1166 2398 1294 2447 negat
1317 2405 1417 2433 nes-

46 2457 189 2513 ciem,
220 2473 297 2516 ego
326 2456 551 2502 Christum
578 2457 745 2517 negabo
773 2456 933 2511 sciens3
960 2456 1013 2502 ad
1034 2456 1325 2520 perditionem
1348 2475 1419 2505 me

46 2539 271 2575 secuturus
303 2539 365 2574 est
396 2547 526 2593 quem
563 2529 625 2576 sic
667 2529 871 2577 invenero
902 2547 914 2576 z
956 2528 1172 2594 siquidem
1209 2540 1258 2576 ut
1292 2529 1418 2577 illum

45 2615 263 2645 mvemam
276 2636 288 2657 ,
310 2616 432 2663 prior
453 2616 597 2664 pereo.

93 2681 238 2715 ¹Mauh.
255 2693 288 2724 x,
316 2683 368 2717 ιθ.
381 2699 426 2707 -
439 2681 455 2704 2
473 2682 519 2716 Id.
539 2693 600 2727 vu,
624 2683 676 2723 15,
694 2684 748 2718 16.

1207 2739 1283 2794 31·
