1758 3246
288 260 383 318 486
577 266 580 268 ’
714 282 748 312 s.
791 279 1035 313 Avecsrmr
1069 279 1273 311 Errscori

287 334 414 382 educi
428 333 480 379 de
503 339 697 383 cavernis
736 339 822 385 suis
852 338 1060 384 haeretica
1082 337 1305 400 impietas3
1332 337 1414 384 nisi
1441 356 1463 384 a
1491 339 1662 386 tramite

286 405 475 451 veritatis
486 405 632 466 lingua
655 407 873 455 catholica
897 407 1104 464 deviaret,
1133 407 1404 454 tolerabilius
1421 409 1496 455 illa
1518 409 1662 455 occul-

285 485 465 531 taretur,
486 478 711 539 quamista
730 479 946 542 praecipit
940 488 1111 531 ιΓεωι·;
1140 477 1431 524 tolerabilius
1421 496 1464 524 in
1485 479 1569 525 suis
1591 479 1663 524 fo-

284 545 373 591 veis
397 513 696 594 delitescerent
716 549 897 612 vulpes,
943 564 1072 612 quam
1104 559 1285 611 propter
1313 549 1408 594 illas
1430 549 1664 613 capiendas

286 617 332 661 in
353 608 643 680 blasphemiae
671 619 840 665 foveam
871 618 1073 665 caderent
1107 628 1358 665 venatores·
1348 655 1360 673 ‚
1398 620 1664 666 tolerabilius

283 685 467 750 perfidia
503 688 938 735 Priscillianistarum
975 689 1165 735 veritatis
1198 689 1408 737 velamine
1426 699 1659 751 tegeretur,

286 773 419 820 quam
452 756 558 802 fides
585 758 908 804 catholicorum
933 776 986 805 ne
1014 776 1036 804 a
1067 759 1406 806 Priscillianistis
1448 762 1664 806 mentien-

286 827 406 872 tibus
434 826 706 885 laudaretur,
745 847 768 875 a
810 829 1039 875 catholicis
1089 830 1367 876 credentibus
1416 841 1656 891 negaretur,

288 899 399 942 Nam
438 898 471 942 si
496 909 726 962 propterea
754 903 872 959 justa
914 910 1037 955 sunt,
1074 917 1162 945 non
1192 901 1554 965 qualiacumque,
1591 901 1665 946 sed

287 967 545 1031 blasphema
578 969 802 1015 mendacia
820 1007 831 1026 ,
871 971 973 1034 quia
1007 971 1094 1016 hoc
1114 973 1258 1017 animo
1283 972 1394 1017 fiunt
1417 981 1465 1016 ut
1504 971 1666 1017 occulti

285 1039 482 1085 haeretici
503 1038 778 1100 detegantur,
802 1051 1010 1104 poterunt
1029 1041 1111 1086 isto
1131 1041 1284 1097 modo,
1306 1042 1340 1087 si
1354 1041 1504 1087 eodem
1523 1043 1666 1088 animo

288 1110 410 1163 fiant,
438 1120 552 1154 casta
578 1126 664 1155 esse.
680 1110 902 1156 adulteria.
934 1110 1052 1167 Quid
1072 1111 1104 1156 si
1129 1112 1241 1157 enim
1264 1129 1313 1156 ex
1340 1128 1521 1157 numero
1549 1112 1668 1157 Pris-

286 1181 611 1226 ‹·illianistarum
640 1182 970 1244 impudicarum
997 1182 1138 1245 aliqua
1165 1182 1344 1227 foemina
1367 1183 1535 1242 injiciat
1558 1199 1668 1228 ocu-

288 1251 377 1296 lum
402 1252 447 1296 in
473 1251 740 1296 catholicum
772 1252 953 1314 Josepll.
982 1253 1106 1315 eique
1130 1253 1359 1315 promittat
1393 1252 1668 1315 prodituram

288 1338 329 1367 se
347 1321 532 1366 latebras
559 1337 708 1366 eorum
727 1358 737 1373 ,
766 1321 799 1366 si
820 1322 876 1366 ab
901 1320 975 1366 illo
998 1322 1294 1384 impetraverit
1317 1332 1518 1384 stuprum
1534 1359 1544 1376 ‚
1571 1339 1669 1367 cer-

288 1403 468 1456 tumque
491 1392 544 1436 sit
567 1408 680 1447 eam,
703 1392 733 1437 si
754 1393 792 1436 ei
807 1408 1064 1437 consensum
1077 1391 1208 1437 fuerit
1224 1428 1235 1447 ,
1261 1390 1377 1454 quod
1393 1391 1589 1455 pollicita
1609 1402 1670 1437 est

290 1462 569 1526 impleturam
587 1481 599 1515 ς
620 1459 956 1507 faciendum-ne
975 1461 1244 1507 censebimus
1260 1498 1270 1516 ‚
1298 1478 1353 1506 an
1383 1461 1670 1522 intelligemus

287 1548 565 1596 nequaquam
596 1532 671 1578 tali
705 1533 846 1596 pretio
878 1549 1038 1578 merces
1072 1531 1285 1592 ejusmodi
1321 1532 1668 1595 comparandas?

289 1605 382 1650 Cur
401 1620 501 1663 ergo
524 1619 612 1648 non
625 1604 816 1649 eruimus
831 1602 1066 1666 capiendos
1084 1602 1316 1648 haereiicos
1338 1619 1466 1648 carne
1486 1602 1533 1647 in
1550 1602 1669 1649 adul-

287 1674 446 1720 terium
471 1672 710 1730 defluente,
736 1684 777 1719 et
810 1673 1022 1719 eruendos
1057 1683 1265 1737 putamus
1294 1689 1367 1718 ore
1388 1673 1433 1718 in
1457 1673 1671 1736 blasphe-

289 1746 376 1791 mia
399 1741 667 1790 fornicante?
698 1745 784 1789 Aut
801 1745 915 1789 enim
940 1743 1092 1789 licebit
1125 1753 1361 1806 utrumque
1388 1743 1485 1806 pari
1508 1743 1673 1788 ratione

290 1814 536 1871 defendere,
564 1825 614 1861 ut
634 1814 733 1860 ideo
749 1815 848 1861 haec
865 1832 954 1860 non
972 1832 1056 1861 esse
1069 1814 1273 1860 dicantur
1295 1815 1474 1873 injusta,
1500 1813 1605 1876 quia
1624 1829 1673 1859 ea

287 1887 403 1934 facta
427 1895 526 1931 sunt
540 1886 776 1932 intentione
793 1903 880 1950 qua
899 1885 1330 1950 deprehenderentur
1350 1884 1498 1944 injusti
1516 1901 1527 1929 ι
1547 1893 1620 1929 aut
1635 1883 1669 1929 si

289 1975 393 2004 sana
413 1956 612 2003 doctrina
655 1974 736 2003 nec
779 1968 962 2022 propter
1003 1955 1283 2003 inveniendos
1305 1955 1536 2001 haereticos
1574 1954 1671 2001 vult

287 2045 367 2075 nos
392 2045 495 2074 cum
532 2027 726 2074 foeminis
752 2028 988 2092 impudicis
1017 2028 1165 2073 saltem
1199 2043 1380 2090 corpore
1417 2043 1504 2071 non
1528 2035 1671 2071 mente

287 2098 483 2155 misceri,
504 2097 702 2161 profecto
722 2115 800 2144 nec
822 2109 1003 2162 propter
1022 2096 1302 2144 inveniendos
1328 2096 1556 2141 haereticos
1575 2095 1671 2141 vult

294 2186 319 2215 a
336 2169 462 2215 nobis
485 2167 637 2214 saltem
661 2185 770 2215 voce
792 2186 879 2215 non
900 2180 1060 2223 mente,
1087 2179 1161 2214 aut
1182 2166 1452 2213 immundam
1471 2165 1670 2211 haeresim

290 2238 554 2304 praedicari,
583 2249 658 2284 aut
685 2250 845 2285 castam
862 2239 1127 2286 catholicam
1150 2237 1462 2301 blasphemari.
1494 2236 1611 2292 Quia
1629 2246 1671 2282 et

289 2311 435 2374 ipsum
455 2309 610 2355 mentis
639 2310 895 2373 imperium,
918 2311 990 2356 cui
1014 2310 1144 2355 debet
1167 2308 1307 2354 omnis
1324 2305 1502 2352 inferior
1529 2317 1672 2351 motus

292 2380 484 2427 hominis
517 2379 712 2436 obedire,
734 2379 865 2440 digno
879 2397 967 2425 non
987 2380 1155 2426 carebit
1180 2376 1422 2441 opprobrio
1447 2413 1458 2432 ‚
1495 2375 1673 2440 quando

296 2452 371 2507 fit,
398 2449 518 2513 quod
541 2450 636 2495 fieri
671 2466 760 2496 non
786 2460 959 2514 oportet
980 2487 993 2507 ,
1037 2466 1109 2496 seu
1143 2448 1359 2503 membro,
1398 2462 1471 2493 seu
1516 2442 1666 2493 verbo.

299 2523 564 2584 Quanquam
588 2521 718 2567 etiam
741 2538 843 2567 cum
868 2521 1004 2566 verbo
1024 2522 1090 2576 fit,
1117 2519 1314 2565 membro
1345 2518 1420 2562 fit:
1463 2517 1671 2581 quoniam

296 2593 444 2653 lingua
466 2592 712 2639 membrum
735 2602 796 2639 est
814 2608 900 2656 qua
925 2592 974 2638 fit
992 2592 1175 2639 verbum
1195 2607 1206 2636 :
1229 2606 1307 2636 nec
1334 2587 1471 2635 ullum
1509 2584 1671 2634 factum
