1758 3246
285 279 376 325 386
703 291 737 319 S.
783 290 1021 320 Aueusmm
1060 292 1263 321 eviscovi

283 382 302 401 «
324 362 438 405 Puto
463 362 603 401 autem'
627 365 669 399 et
691 359 767 414 'ego
797 354 1009 417 Spiritum
1041 354 1120 400 Dei
1143 356 1299 403 habeo.
1325 380 1344 398 »
1364 358 1552 404 Proinde
1581 361 1651 406 in-

283 426 560 488 telligendum
578 431 655 481 est,
679 425 806 470 etiam
831 425 923 487 ipsa
944 440 1043 487 quae
1060 442 1147 470 non
1172 444 1192 471 a
1212 427 1400 472 Domino
1420 428 1648 487 jubentur,

280 499 353 545 sed
380 516 401 544 a
429 506 577 543 sancto
601 499 692 555 ejus
722 493 886 539 famulo
915 494 1078 539 utiliter
1102 495 1354 551 suadentur,
1380 497 1529 542 eodem
1560 499 1654 544 Do-

276 566 396 616 mino
415 567 652 630 inspirante
672 563 855 610 suaderi.
888 564 1012 609 Absit
1030 564 1145 609 enim
1170 576 1218 610 ut
1241 567 1469 630 quisquam
1482 567 1652 613 Catho-

273 640 383 685 licus
401 637 569 690 dixerit,
591 633 767 698 quando
792 632 941 678 suadet
967 633 1156 696 Spiritus
1176 647 1368 687 sanctus,
1393 654 1481 682 non
1508 634 1655 682 Doini-

274 719 381 755 num
411 706 611 758 suadere3
639 705 740 750 c'um
763 714 805 748 et
831 704 921 765 ipse
946 703 1159 748 Dominus
1186 704 1256 756 sit,
1287 715 1327 750 et
1347 703 1652 769 inseparabilia

273 781 358 826 sint
378 794 508 842 opera
528 774 767 820 Trinitatis.
796 773 910 818 Dicit
930 783 1075 818 tamen
1097 791 1107 818 :
1130 795 1150 815 «
1170 775 1231 819 De
1250 775 1492 835 virginibus
1511 787 1654 822 autem

275 873 296 892 ))
314 858 587 912 praeceptum
612 843 788 889 Domini
804 860 891 888 non
906 843 1067 898 habeo,
1095 843 1322 890 consilium
1342 855 1483 891 autem
1505 844 1606 892 do'l.
1633 868 1654 887 »

274 916 374 966 Non
404 930 451 964 ut
472 917 561 962 hoc
593 914 825 960 consilium
857 912 1041 958 alienum
1072 914 1359 960 existimemus
1387 933 1409 960 a
1440 917 1649 972 Domino,

272 1005 373 1035 cum
402 987 610 1033 continuo
643 993 848 1046 sequatur
866 993 907 1027 et
936 982 1053 1028 dicat
1073 1000 1083 1028 ε
1107 1005 1127 1024 «
1149 985 1378 1047 Tanquam
1407 984 1654 1030 misericor-

273 1082 293 1101 »
312 1057 431 1104 diam
450 1065 706 1101 consecutus
722 1071 743 1095 a
768 1053 951 1104 Domino
971 1064 1019 1098 ut
1040 1053 1178 1099 fidelis
1192 1071 1338 1100 essem.
1365 1076 1384 1095 n
1405 1054 1654 1101 Secundum

276 1132 416 1175 Deum
447 1140 546 1184 ergo
580 1121 655 1166 dat
684 1120 809 1166 fidele
840 1123 1071 1168 consilium
1106 1123 1149 1169 in
1185 1142 1234 1170 eo
1262 1124 1447 1187 Spiritu,
1484 1124 1536 1170 de
1567 1141 1656 1188 quo

275 1200 333 1244 ait
352 1216 362 1243 ι
384 1220 403 1238 «
427 1197 541 1241 Puto
565 1202 707 1237 autem
731 1201 773 1235 et
792 1207 870 1249 ego
897 1190 1108 1252 Spiritum
1137 1195 1215 1239 Dei
1240 1195 1396 1241 haheo.
1424 1207 1444 1236 5>

338 1267 482 1315 XXII.
519 1264 828 1309 Verumtamen
857 1260 974 1324 aliud
999 1271 1059 1305 est
1092 1262 1267 1306 Domini
1292 1263 1485 1321 jubentis
1514 1263 1656 1326 impe-

274 1340 406 1390 rium,
430 1331 546 1382 aliud
572 1331 766 1378 conservi
784 1330 1023 1375 secuudum
1045 1331 1382 1377 misericordiam
1409 1332 1652 1389 charitatis,

276 1425 375 1473 quae
403 1417 463 1452 est
485 1405 547 1450 illi
573 1422 594 1448 a
621 1402 806 1447 Domino
830 1401 1039 1463 inspirata
1061 1411 1189 1464 atque
1210 1401 1388 1457 donata,
1411 1402 1536 1448 fidele
1553 1420 1656 1449 con-

276 1480 434 1526 silium.
466 1474 537 1520 lbi
569 1470 687 1518 aliud
716 1470 855 1516 facere
880 1487 967 1515 non
1002 1469 1120 1526 licet,
1149 1471 1222 1516 hic
1256 1482 1399 1516 autem
1431 1472 1533 1517 licet
1560 1490 1570 1517 :
1597 1473 1657 1518 ita

275 1566 373 1595 sane
402 1557 450 1592 ut
479 1546 623 1608 ipsum
655 1541 824 1586 licitum
847 1541 1009 1603 partim
1041 1540 1217 1603 quidem
1245 1541 1460 1604 expediat,
1495 1547 1656 1605 partim

276 1636 376 1667 vero
400 1633 488 1662 non
509 1611 718 1676 expediat.
752 1610 938 1674 Expedit
963 1622 1084 1661 tunc,
1112 1611 1290 1675 quando
1310 1629 1399 1657 non
1419 1612 1555 1658 solum
1579 1629 1659 1675 per

271 1689 503 1750 justitiam,
531 1700 631 1747 quae
655 1699 801 1727 coram
826 1681 1010 1726 Domino
1029 1692 1107 1736 est,
1129 1682 1414 1744 permittitur,
1440 1682 1511 1728 sed
1529 1684 1658 1728 etiam

277 1757 530 1806 hominibus
544 1753 715 1799 nullum
732 1769 777 1796 ex
797 1751 883 1796 hoc
900 1751 1264 1814 impedimentum
1281 1752 1429 1797 salutis
1447 1752 1654 1798 infertur:

275 1829 395 1877 velut
413 1843 515 1872 cum
539 1824 614 1869 dat
639 1821 867 1867 eonsilium
891 1838 977 1866 non
1004 1821 1200 1866 nubendi
1229 1821 1458 1884 Apostolus
1481 1822 1655 1881 virgini,

282 1900 397 1946 unde
434 1904 704 1959 praeceptum
738 1891 916 1936 Domini
952 1909 993 1937 se
1027 1909 1115 1936 non
1135 1891 1298 1936 habere
1319 1902 1523 1944 testatum
1559 1891 1660 1938 licet

283 1968 400 2014 aliud
425 1968 580 2019 facere,
606 1962 653 2008 id
675 1972 752 2016 est,
780 1962 960 2017 nubere,
981 1972 1021 2006 et
1041 1962 1183 2005 minus
1202 1978 1334 2023 quam
1359 1962 1656 2018 eontinentiae,

279 2042 446 2086 bonum
469 2047 612 2080 tamen
629 2043 771 2077 tenere
790 2031 1059 2093 nuptiarum.
1086 2031 1325 2094 Ipsumque
1342 2030 1513 2076 licitum
1532 2030 1660 2076 etiam

282 2107 455 2174 expedit
473 2123 482 2150 :
500 2103 707 2168 quoniam
732 2102 777 2146 in
796 2101 928 2146 vetita
951 2111 992 2145 et
1020 2099 1172 2145 illicita
1196 2101 1411 2146 ruituram
1433 2101 1574 2146 carnis
1593 2102 1661 2146 in-

286 2181 531 2227 firmitatem
553 2174 612 2219 sie
633 2171 790 2234 excipit
807 2171 1031 2215 honestate
1050 2169 1264 2225 nubendi,
1286 2181 1333 2215 ut
1350 2170 1563 2215 neminem
1582 2171 1662 2215 ἰηι-Ι

283 2246 433 2316 pediat
459 2246 513 2292 ad
538 2244 745 2295 salutemg
778 2241 976 2304 quamvis
1005 2239 1141 2299 magis
1169 2240 1412 2303 expediret,
1441 2240 1663 2302 magisque

282 2323 513 2369 honestum
537 2325 659 2370 esset,
687 2313 721 2358 si
743 2313 864 2370 virgo
888 2310 1133 2366 eonsilium,
1162 2328 1249 2373 quo
1275 2320 1546 2373 praeceptum
1568 2312 1662 2355 eam

283 2411 374 2441 non
403 2386 654 2451 compellit,
694 2385 912 2447 arriperet.
949 2383 1078 2427 Tunc
1117 2391 1257 2426 auten.-
1290 2398 1378 2425 non
1411 2379 1581 2443 expedit
1616 2379 1663 2426 id

283 2461 405 2529 quod
430 2460 602 2506 licitum
633 2465 713 2511 est,
742 2453 919 2518 quando
948 2453 1216 2516 permittitur
1240 2449 1437 2515 quidem,
1464 2449 1535 2496 sed
1559 2464 1662 2496 usus

280 2535 417 2598 ipsius
443 2525 668 2594 potestatis
693 2525 784 2573 aliis
808 2525 927 2571 affert
948 2521 1309 2587 impedimentum
1335 2520 1497 2567 salutis.
1536 2520 1659 2567 Sicut

330 2616 340 2638 ι
361 2627 372 2644 1
393 2615 468 2646 Cor,
484 2610 610 2649 v11‚23.

1737 0 1754 324 p

1742 328 1749 499 s

1748 163 1754 183 ,ι

1746 502 1753 540 Ξ,

1745 541 1755 623 i!

1752 579 1756 604 l

1746 605 1756 658 ÷l

1748 750 1752 807 Ξ

1749 880 1754 918 l

1750 925 1754 1043 l

1751 1048 1755 1071 ι

1752 1110 1755 1136 l

1753 1150 1756 1207 ἱ

1752 1230 1758 1271 l
