1758 3246
316 276 381 338 54
741 295 777 323 s.
820 295 1065 326 Aucusrmr
1101 296 1301 327 131>1scor1

311 356 406 413 dis,
441 367 676 421 utrumque
703 358 959 422 baptizatis,
998 360 1085 406 sive
1121 370 1169 405 ut
1201 360 1496 417 instruantur,
1524 362 1613 410 sive
1637 358 1699 411 'ne

308 426 654 484 obliviscantur,
676 428 763 475 sive
784 440 832 475 ut
848 430 1154 492 profiteantur,
1181 430 1268 477 sive
1295 441 1343 476 ut
1362 434 1696 491 confirmentur,

311 497 512 560 doctrina
547 499 768 544 sanissima
809 510 849 545 et
885 500 1210 559 diligentissima
1247 502 1582 563 praedicandum
1617 516 1693 552 est.
1748 554 1749 566 2

312 567 524 631 Epistolae
542 570 690 632 itaque
710 570 845 625 Petri,
866 570 1076 632 Epistolae
1094 571 1120 615 J
1125 570 1301 627 oanniS,
1330 572 1383 618 de
1402 574 1565 636 quibus
1582 592 1702 638 quae-

314 636 418 688 dam
441 638 687 683 testimonia
713 650 1081 696 commemorant,
1111 640 1275 685 addant
1294 651 1336 685 et
1372 643 1498 688 Pauli
1528 654 1570 689 et
1591 645 1702 690 alio-
1750 660 1751 696 ;

313 724 410 754 rum
434 707 764 771 Apostolorum,
788 726 836 754 ea
859 710 1026 755 ratione
1055 710 1361 773 accipiendum
1382 722 1444 757 est
1462 713 1583 776 quod
1615 714 1697 759 ad-
1750 710 1752 733 ³

305 789 535 837 rver-terunt
549 778 671 840 prius
688 778 742 823 de
768 778 854 825 fide
871 797 920 825 ac
939 790 1091 842 postea
1115 780 1170 826 de
1194 780 1392 827 moribus
1413 781 1525 840 dici,
1550 799 1700 846 quam,

315 848 399 894 nisi
422 848 569 903 fallor,
598 848 862 911 apertissime
882 851 1074 914 exposui.
1754 903 1755 906 Ἰ

380 918 484 964 XII.
514 917 599 962 Sed
618 918 665 962 in
693 919 873 965 Actibus
895 920 1208 982 Apostolorum
1235 920 1416 976 Petrus,
1455 920 1700 986 inquiunt,
1754 938 1755 941 ’

321 987 382 1033 sic
408 987 626 1033 allocutus
650 998 713 1033 est
753 988 876 1043 illos,
905 990 982 1051 qui
1011 991 1146 1036 verbo
1184 989 1332 1036 audito
1365 991 1576 1054 baptizati
1607 1003 1707 1037 sunt
1752 989 1755 997 ¹

324 1073 415 1102 uno
434 1056 504 1102 die
522 1058 604 1101 tria
622 1057 759 1102 millia
776 1094 787 1114 ,
816 1067 866 1103 ut
882 1058 939 1103 eis
959 1057 1093 1104 solam
1111 1059 1267 1114 fidem,
1296 1077 1384 1122 qua
1410 1061 1456 1106 in
1479 1061 1707 1107 Christum
1754 1058 1756 1103 Ϊ

325 1125 584 1182 crederent,
617 1126 892 1189 praedicaret.
934 1128 1024 1184 Qui
1064 1144 1167 1173 cum
1194 1127 1422 1173 dixissent:
1452 1149 1473 1169 «
1494 1130 1615 1186 Quid
1637 1131 1708 1176 fa-

327 1216 347 1237 »
363 1196 553 1242 ciemus?
579 1197 805 1260 respondit
827 1199 910 1244 eis:
935 1198 1058 1258 Agite
1080 1198 1411 1260 poenitentiam3
1438 1209 1481 1243 et
1503 1199 1706 1262 baptize—
1755 1220 1758 1258 j

320 1287 341 1319 φ)
362 1258 434 1311 tui·
454 1267 753 1331 unusquisque
765 1279 958 1314 vestrum
976 1269 1022 1313 in
1041 1268 1216 1313 nomine
1229 1267 1407 1312 Domini
1425 1268 1450 1311 J
1454 1285 1528 1314 esu
1542 1269 1708 1315 Christi
1756 1289 1758 1293 ¹

319 1357 339 1377 »
363 1335 410 1381 in
433 1336 731 1382 remissionem
752 1349 1037 1400 peccatorum
1054 1375 1065 1394 ,
1104 1348 1146 1383 et
1170 1337 1390 1400 accipietis
1412 1337 1578 1384 donum
1606 1339 1706 1402 Spi-
1756 1346 1758 1399 ᾗ

317 1428 338 1448 »
360 1405 468 1451 ritus
493 1405 678 1452 sancti1.
710 1427 730 1447 >)
763 1408 857 1452 Cur
886 1425 987 1467 ergo
1011 1425 1100 1453 non
1137 1407 1370 1454 advertunt
1393 1408 1515 1470 quod
1539 1408 1707 1454 dictum
1756 1418 1758 1459 ζ

317 1486 405 1532 est,
434 1496 455 1516 (ε
481 1476 605 1534 Agite
618 1478 960 1538 poenitentiam?
985 1500 1006 1520 »
1026 1480 1096 1524 Ibi
1117 1489 1178 1524 est
1207 1479 1323 1523 enim
1349 1478 1452 1524 vitae
1468 1480 1622 1525 veteris
1641 1497 1708 1525 ex·
1756 1475 1758 1513 ἕ

320 1545 489 1609 polatio
507 1582 517 1601 ,
544 1556 593 1590 ut
609 1563 721 1593 nova
744 1547 984 1593 induantur
1004 1549 1082 1611 qui
1100 1548 1396 1610 baptizantur.
1440 1548 1526 1594 Cui
1565 1559 1708 1594 autem
1756 1566 1758 1580 ³

316 1614 542 1661 fructuosa
553 1625 616 1660 est
626 1616 904 1679 poenitentia,
922 1634 1023 1681 quae
1040 1617 1180 1676 agitur
1199 1616 1252 1662 de
1271 1617 1453 1662 mortuis
1473 1618 1702 1680 operibuS,

319 1686 354 1731 si
381 1685 427 1731 in
465 1684 678 1731 adulterio
705 1699 947 1750 perseveret
971 1688 1152 1750 aliisque
1171 1686 1404 1732 sceleribus
1420 1723 1431 1743 ,
1460 1687 1622 1751 quibus
1639 1688 1704 1734 di-

321 1755 449 1801 lectio
470 1755 626 1801 mundi
649 1756 784 1817 hujus
814 1757 1052 1806 involvitur
1069 1759 1086 1802 P

383 1826 510 1871 XIII.
539 1825 625 1871 Sed
645 1826 935 1885 infidelitatis,
958 1829 1191 1893 inquiunt,
1209 1826 1531 1882 tantummodo,
1555 1844 1643 1891 qua
1662 1827 1708 1874 in

328 1896 556 1942 Christum
570 1913 660 1942 non
677 1898 957 1946 crediderunt
973 1938 984 1956 ,
1007 1917 1076 1946 eos
1090 1898 1231 1946 voluit
1243 1915 1365 1957 agere
1377 1898 1683 1960 poenitentiam
1694 1936 1703 1945 .

324 1966 437 2012 Mira
453 1968 765 2030 praesumptio,
789 1970 914 2030 (nolo
932 1971 1049 2015 enim
1076 1969 1318 2031 quidquam
1335 1967 1506 2027 gravius
1522 1967 1708 2029 dicere),

325 2035 503 2105 quando
544 2053 594 2081 eo
639 2037 787 2083 audito
817 2039 938 2101 quod
963 2040 1131 2085 dictum
1151 2049 1213 2083 est
1243 2056 1253 2082 ε
1296 2059 1316 2079 α
1335 2037 1458 2097 Agite
1485 2037 1711 2100 poeniten-

325 2127 346 2148 »
371 2106 494 2162 tiam,
509 2127 530 2148 >>
545 2106 676 2153 solius
691 2108 958 2156 infidelitatis
972 2121 1067 2156 acta
1081 2110 1258 2164 dicitur,
1274 2125 1376 2154 cum
1393 2108 1482 2153 vita
1498 2108 1712 2153 mutanda

325 2192 373 2223 ex
396 2186 537 2224 vetere
566 2176 611 2220 in
633 2194 791 2224 novam
820 2178 1021 2226 doctrina
1058 2179 1319 2237 Evangelica
1348 2177 1605 2233 traderetur,
1634 2178 1710 2224 uhi

330 2244 480 2308 utique
497 2256 540 2290 et
554 2245 666 2292 illud
691 2258 754 2297 est
768 2249 889 2311 quod
912 2250 959 2295 in
978 2266 1026 2294 ea
1044 2248 1252 2294 sententia
1281 2247 1408 2310 ponit
1450 2247 1706 2309 Apostolus:

328 2337 349 2356 «
379 2315 468 2372 Qui
490 2315 738 2372 furabatur,
753 2322 843 2377 jam
865 2336 954 2364 non
973 2318 1142 2365 furetur
1165 2318 1182 2346 2
1206 2336 1216 2362 ε
1240 2340 1260 2358 »
1285 2328 1326 2362 et
1350 2327 1527 2370 caetera,
1548 2316 1711 2379 quihus

325 2385 549 2448 exequitur
575 2386 684 2448 quid
697 2387 752 2432 sit
772 2387 990 2451 deponere
1008 2399 1196 2435 veterem
1213 2387 1437 2432 hominem
1466 2397 1508 2431 ct
1530 2386 1711 2435 iuduere

327 2471 508 2509 novum.
540 2457 592 2504 In
618 2455 686 2500 his
708 2467 847 2503 autem
870 2459 974 2521 ipsis
1000 2458 1143 2504 verbis
1167 2457 1286 2502 Petri
1302 2455 1468 2500 habent
1491 2456 1606 2504 unde
1629 2455 1710 2505 ad-

326 2520 495 2575 inoneri
542 2525 784 2589 potuissent
804 2565 815 2585 ,
851 2528 886 2574 si
925 2528 1157 2588 diligenter
1179 2526 1402 2573 attendere
1454 2526 1702 2573 voluissent.

376 2605 385 2627 ¹
402 2610 473 2639 Act.
490 2619 528 2650 11,
553 2610 606 2640 38.
623 2626 665 2632 —
688 2606 704 2630 ²
722 2610 897 2652 Ephes.1v‚
924 2612 974 2642 18.
