1758 3246
52 304 351 336 ENCHIRIDION
387 303 441 333 DE
478 302 597 343 FIDE,
626 303 700 333 SPE
734 303 787 333 ET
822 301 1088 343 CHARITATE,
1122 304 1208 334 Lm,
1251 304 1281 334 1.
1333 303 1416 351 177

51 370 229 423 talium,
256 381 361 415 tunc
402 378 545 413 autem
573 389 592 409 c<
613 367 888 413 Illuminabit
910 367 1123 413 Dominus
1166 369 1422 416 abscondita

52 462 73 483 >2
93 441 386 494 tenebrarum,
414 449 456 483 et
475 437 770 483 manifestabit
783 437 1063 497 cogitationes
1080 437 1246 491 cordis3
1268 451 1308 484 et
1328 440 1422 486 laus

53 533 71 555 κ
93 513 172 557 erit
193 511 424 572 unicuique
450 528 472 554 a
490 510 580 554 Deo
598 508 642 561 13
660 531 678 549 ›>
704 509 804 571 quia
827 507 872 552 id
893 507 1146 553 laudabitur
1160 519 1201 553 et
1219 508 1422 569 diligetur

51 600 73 628 a
94 582 288 645 proximo
313 580 358 625 in
378 579 572 642 proximo
588 616 600 635 ,
633 578 750 641 quod
770 597 822 623 ne
839 578 987 632 lateat,
1007 577 1062 622 ab
1081 578 1176 641 ipso
1195 578 1418 626 illumina-

49 652 171 697 bitur
185 652 288 697 Deo.
306 650 521 696 Minuitur
531 659 674 694 autem
688 647 924 711 cupiditas.
941 647 1165 693 Chariiate
1185 661 1418 707 crescente,

50 722 186 768 donec
209 723 354 767 veniat
378 721 454 766 hic
480 720 534 766 ad
560 731 725 765 tantam
762 718 1132 778 magnitudinem,
1162 736 1249 782 qua
1285 725 1425 781 major

48 810 133 838 esse
159 810 246 838 non
256 793 416 856 possit:
439 813 458 832 c<
476 792 686 850 Majorem
705 790 817 835 enim
839 789 1111 835 charitatem
1125 807 1252 835 nemo
1267 791 1420 849 habet,

49 884 70 905 ›>
99 880 230 926 quam
251 874 299 909 ut
320 863 509 908 animani
533 879 654 907 suam
675 861 773 924 quis
796 871 935 924 ponat
952 879 1034 924 pro
1054 861 1203 906 amicis
1227 862 1313 907 suis
1336 865 1368 908 ².
1402 884 1423 904 »

49 933 116 977 Ibi
152 944 294 978 autem
323 933 420 997 quis
444 932 625 994 explicet
644 941 806 994 quanta
835 931 1039 976 Charitas
1063 932 1166 986 erit,
1193 932 1270 976 ubi
1294 932 1427 996 cupi-

49 1002 159 1048 ditas
192 1021 323 1066 quam
359 1003 427 1048 vel
462 1002 705 1048 coercendo
742 1012 912 1064 superet
946 1001 1067 1046 nulla
1092 1002 1198 1047 erit?
1220 1003 1429 1064 quoniam

48 1089 214 1118 summa
233 1073 390 1118 sanitas
418 1073 497 1117 erit
515 1109 525 1127 ,
565 1071 742 1134 quando
764 1071 984 1116 contentio
1007 1072 1155 1116 mortis
1186 1072 1308 1118 nulla
1326 1074 1421 1120 erit.

112 1144 323 1189 XXXIII.
355 1143 440 1187 Sed
456 1143 508 1186 sit
522 1140 758 1204 aliquando
774 1141 907 1200 hujus
926 1141 1160 1187 voluminis
1179 1143 1293 1199 finis,
1309 1144 1430 1206 quod

46 1214 137 1277 ipse
160 1214 318 1259 videris
342 1224 489 1258 utrum
516 1211 803 1256 Euchiridion
826 1212 892 1257 vel
917 1211 1136 1275 appellare
1166 1212 1340 1269 debeas,
1361 1213 1430 1259 vel

48 1284 223 1331 habere.
249 1286 341 1344 Ego
361 1295 504 1329 tamen
529 1300 628 1329 cum
648 1283 890 1346 spernenda
917 1293 990 1327 tua
1019 1283 1065 1327 in
1086 1283 1262 1328 Christo
1286 1284 1431 1330 studia

48 1372 136 1401 non
158 1365 359 1418 putarem
377 1393 386 1410 ,
404 1355 520 1400 bona
545 1353 597 1398 de
622 1364 662 1397 te
685 1353 862 1397 credens
885 1353 929 1398 in
947 1352 1167 1412 adjutorio
1192 1354 1325 1398 nostri
1338 1354 1431 1398 Re-

49 1424 291 1489 demptoris
319 1441 368 1469 ac
399 1440 576 1487 sperans
593 1459 603 1478 ,
634 1433 760 1485 teque
783 1422 829 1467 in
855 1426 943 1481 ejus
966 1422 1172 1467 membris
1188 1422 1432 1486 plurimum

49 1494 229 1554 diligens
247 1495 412 1540 librum
444 1493 498 1539 ad
536 1504 599 1549 te,
622 1492 734 1538 sicut
753 1492 897 1549 valui,
932 1493 1100 1538 utinam
1120 1503 1208 1538 tam
1231 1511 1431 1539 commo-

49 1564 156 1610 dum
179 1583 312 1628 quain
340 1564 585 1628 prolixum,
628 1563 680 1608 de
729 1564 758 1607 1³
763 1563 855 1619 ide,
885 1563 972 1626 Spe
1008 1574 1048 1609 et
1073 1563 1299 1610 Charitate
1323 1582 1434 1611 con-

49 1635 215 1698 scripsi.

98 1730 108 1752 ¹
133 1742 145 1760 1
166 1732 238 1763 Cor.
254 1743 302 1774 xv,
324 1733 353 1763 5.
369 1730 440 1754 —2
456 1733 548 1764 Joan.
565 1741 614 1764 xv,
640 1731 689 1761 13.

186 2685 370 2717 cxxxin.
1248 2674 1301 2706 12
