1758 3246
365 280 457 327 286
778 293 811 325 s,
854 294 1098 325 Ancvsrmi
1134 295 1335 326 EPISCOPI

360 371 502 404 tarum
516 375 654 404 mores
675 358 821 405 adhuc
837 361 1113 416 recusabant,
1132 361 1390 424 desponsata
1409 371 1470 406 est
1486 361 1579 407 viro
1587 367 1724 423 justo,
1756 368 1758 372 ’

355 447 445 474 non
461 429 669 475 violenter
688 430 887 475 ablaturo
908 468 918 486 ‚
946 431 1018 476 scd
1044 432 1191 494 potius
1214 442 1365 476 contra
1384 431 1593 478 violentos
1625 450 1728 479 cus-

357 499 575 553 todituro,
600 500 719 562 quod
737 500 809 545 illa
825 505 915 559 jam
936 511 1123 546 voverat.
1152 502 1416 564 Quanquam
1446 501 1612 547 etiamsi
1639 503 1728 549 hoc

354 569 493 615 solum
513 570 683 615 dixisset
707 588 716 614 :
744 591 763 610 «
784 569 1017 625 Quomodo
1043 571 1116 615 fiet
1140 571 1287 616 istud?
1307 593 1327 612 ›>
1361 588 1441 616 nec
1467 571 1723 626 addidisset;

354 660 375 679 «
395 639 612 695 Quoniam
631 640 774 684 virum
791 655 879 684 non
897 656 1111 698 cognosco
1135 657 1145 684 ε
1169 661 1188 681 »
1207 657 1294 685 non
1315 641 1535 703 quaesisset
1556 641 1721 704 utique,

352 710 613 772 promissum
640 709 725 754 sibi
750 708 890 754 filium
912 709 1134 772 quomodo
1153 709 1334 755 foemina
1364 711 1558 773 paritura
1591 722 1720 767 esset,
1752 750 1758 771 a

351 781 385 824 si
412 779 702 824 concubitura
724 778 950 841 nupsisset.
977 780 1152 824 Poterat
1175 790 1217 824 et
1230 780 1379 838 juberi
1406 781 1527 839 virgo
1545 797 1724 842 perma-
1752 774 1758 816 l

349 865 449 893 nere
466 885 477 905 ,
500 849 543 893 in
567 865 653 911 qua
681 848 761 893 Dei
789 848 921 893 Filius
945 848 1129 894 formam
1160 849 1270 894 servi
1305 850 1560 908 congruenti
1589 850 1724 895 mira-
1752 865 1758 920 ξ

348 919 447 964 culo
478 919 720 981 acciperet;
747 919 819 964 sed
854 920 1049 982 exemplo
1083 920 1240 965 sanctis
1270 920 1416 965 futura
1447 920 1689 980 virginibus
1707 957 1718 978 ,
1753 931 1758 980 1

346 1006 400 1034 ne
417 998 648 1051 putaretur
671 988 758 1034 sola
780 989 900 1048 virgo
919 1006 1006 1035 esse
1033 990 1231 1035 debuisse
1247 1027 1258 1046 ,
1284 1007 1384 1052 quae
1401 990 1570 1052 prolem
1593 991 1721 1035 etiam
1753 991 1758 1046 Ῑ

1754 1059 1758 1108 ἶ

1754 1116 1758 1142 1

1754 1160 1758 1180 i

1754 1221 1758 1273 ξ

346 1059 435 1103 sine
474 1058 716 1103 concubitu
754 1059 984 1121 concipere
1016 1060 1263 1115 meruisset,
1302 1060 1594 1119 virginitatem
1629 1061 1720 1105 Deo

347 1128 536 1184 dicavit,
569 1144 671 1171 cum
702 1126 850 1171 adhuc
876 1129 982 1188 quid
1008 1140 1115 1172 esset
1143 1141 1408 1192 conceptura
1441 1131 1644 1183 nesciret,
1672 1141 1721 1174 ut
1754 1146 1758 1199 j

343 1198 390 1242 in
411 1207 577 1242 terreno
595 1195 854 1257 mortalique
873 1212 1056 1259 corpore
1075 1196 1261 1241 coelestis
1287 1199 1391 1242 vitae
1413 1198 1598 1242 imitatio
1616 1209 1718 1243 voto
1754 1202 1758 1219 “·

344 1269 490 1322 fieret,
514 1283 602 1312 non
636 1275 888 1328 praecepto3
927 1283 1069 1310 amore
1099 1265 1313 1324 eligendi,
1351 1283 1441 1310 non
1468 1268 1718 1313 necessitate

344 1337 571 1383 serviendi.
601 1338 667 1380 Ita
704 1335 905 1380 Christus
933 1336 1148 1381 nascendo
1187 1336 1240 1380 de
1272 1336 1464 1395 virgine,
1500 1353 1599 1398 quae
1620 1348 1717 1383 ante
1754 1341 1758 1387 ἱ

342 1426 475 1472 quam
497 1407 623 1452 sciret
645 1405 741 1468 quis
765 1405 818 1450 de
838 1405 911 1450 illa
940 1405 1081 1450 fuerat
1101 1406 1343 1450 nasciturus
1363 1442 1373 1460 ‚
1407 1406 1527 1464 virgo
1549 1417 1715 1452 statue-
1754 1391 1758 1437 l

340 1490 407 1525 rat
432 1493 709 1540 permanere,
744 1475 1036 1534 virginitatem
1060 1485 1253 1519 sanctam
1288 1475 1531 1537 approbare
1562 1477 1714 1522 maluit
1754 1446 1758 1528 l

341 1565 472 1612 quam
492 1547 718 1609 imperare.
757 1547 818 1590 Ac
846 1544 905 1589 sic
924 1545 1051 1589 etiam
1073 1545 1117 1589 in
1134 1544 1227 1607 ipsa
1254 1544 1432 1590 foemina
1449 1546 1495 1590 in
1517 1563 1603 1609 qua
1627 1546 1712 1591 for·
1754 1530 1758 1616 1

339 1635 456 1665 mam
475 1616 585 1662 servi
610 1615 777 1677 accepit
795 1652 804 1671 ,
826 1614 1115 1673 virginitatem
1135 1632 1220 1660 esse
1240 1614 1424 1660 liberam
1442 1615 1593 1662 voluit.
1754 1617 1758 1712 ¹

401 1689 453 1735 V.
497 1689 595 1732 Non
618 1696 680 1731 est
700 1702 799 1745 ergo
826 1702 907 1730 cur
928 1685 1006 1730 Dei
1026 1685 1210 1745 virgines
1232 1685 1542 1732 contristentur
1559 1723 1569 1743 ,
1590 1687 1709 1750 quod
1755 1713 1758 1791 1

337 1761 466 1808 etiam
489 1759 596 1821 ipsae
614 1757 859 1816 virginitate
876 1767 1039 1801 servata
1064 1767 1218 1807 matres
1236 1757 1376 1801 carnis
1393 1774 1478 1802 esse
1495 1774 1584 1802 non
1602 1775 1709 1820 pos—

335 1841 449 1878 sunt.
473 1829 605 1874 Illum
624 1827 737 1872 enim
756 1825 895 1871 solum
918 1826 1139 1885 virginitas
1161 1825 1360 1871 decenter
1377 1844 1526 1889 parere
1544 1839 1704 1889 posset,
1755 1795 1758 1880 l

334 1902 411 1964 qui
433 1901 477 1945 in
501 1916 574 1944 sua
597 1896 822 1942 nativitate
845 1912 996 1957 parem
1022 1895 1184 1940 habere
1212 1913 1299 1940 non
1322 1907 1480 1958 posset.
1522 1897 1708 1942 Verum-
1755 1881 1758 1942 l

331 1983 477 2017 tamen
494 1969 564 2014 ille
589 1967 717 2012 unius
740 1976 901 2011 sanctae
925 1965 1101 2024 virginis
1127 1976 1279 2027 partus
1304 1966 1501 2011 omnium
1531 1977 1706 2012 sancta·
1756 1958 1758 2012 i

331 2058 430 2087 rum
461 2038 681 2097 virginum
720 2045 782 2080 est
819 2034 964 2081 decus.
1013 2036 1068 2079 Et
1104 2035 1209 2097 ipsae
1242 2051 1342 2080 cum
1381 2036 1517 2082 Maria
1552 2047 1704 2082 matres
1756 2056 1758 2109 3

334 2109 501 2156 Christi
533 2117 658 2161 sunt,
696 2105 729 2149 si
766 2105 907 2149 Patris
939 2108 1030 2164 ejus
1060 2104 1227 2149 faciunt
1262 2105 1543 2153 voluntatem,
1589 2107 1704 2151 Hinc
1756 2113 1758 2160 ξ

332 2180 447 2226 enim
481 2188 522 2223 et
558 2177 695 2222 Maria
726 2174 989 2219 laudabilius
1028 2184 1156 2237 atque
1191 2175 1358 2220 beatius
1383 2176 1547 2221 Christi
1569 2187 1704 2222 mater
1756 2175 1758 2224 !

328 2261 409 2307 est,
433 2247 671 2295 secundum
690 2262 819 2308 supra
838 2255 1116 2290 memoratam
1140 2248 1230 2304 ejus
1248 2243 1506 2291 sententiam*
1523 2264 1533 2291 ε
1555 2267 1575 2288 c<
1594 2247 1702 2302 Qui-

330 2343 352 2364 »
371 2335 559 2381 cumque
587 2316 693 2362 facit
722 2315 989 2361 voluntatem
1024 2315 1162 2360 Patris
1185 2315 1268 2361 mei
1295 2317 1371 2378 qui
1402 2317 1448 2361 in
1471 2316 1593 2362 coelis
1608 2327 1695 2373 est,

330 2392 461 2454 »ipse
485 2388 595 2434 mihi
619 2387 775 2441 frater,
813 2397 854 2430 et
888 2402 1033 2441 soror,
1073 2396 1115 2431 et
1145 2396 1283 2431 mater
1319 2385 1422 2432 est1.
1450 2408 1471 2428 ›>
1505 2389 1593 2432 Has
1615 2387 1698 2433 sibi

329 2477 476 2507 omnes
497 2457 846 2523 propinquitates
860 2492 870 2509 ,
899 2456 943 2500 in
966 2454 1132 2519 populo
1151 2472 1280 2518 quem
1296 2456 1477 2502 redemit
1491 2493 1502 2513 ,
1526 2458 1696 2520 spirita-

327 2531 427 2578 liter
461 2528 636 2574 exhibet
667 2544 678 2572 :
706 2525 858 2572 fratres
891 2536 934 2572 et
967 2542 1129 2572 sorores
1153 2525 1288 2572 habet
1321 2537 1490 2575 sanctos
1514 2528 1628 2576 viros
1653 2538 1696 2576 et
1756 2530 1758 2566 ἒ

374 2613 386 2660 ,¹
409 2611 528 2647 Matth.
550 2622 612 2651 mr,
630 2611 684 2642 50.
1649 2618 1654 2621 ·
1756 2592 1758 2595 ι
