<?xml version="1.0" encoding="UTF-8"?>
<!DOCTYPE html PUBLIC "-//W3C//DTD XHTML 1.0 Transitional//EN"
    "http://www.w3.org/TR/xhtml1/DTD/xhtml1-transitional.dtd">
<html xmlns="http://www.w3.org/1999/xhtml" xml:lang="en" lang="en">
 <head>
  <title>
</title>
<meta http-equiv="Content-Type" content="text/html;charset=utf-8" />
  <meta name='ocr-system' content='tesseract 3.04.00' />
  <meta name='ocr-capabilities' content='ocr_page ocr_carea ocr_par ocr_line ocrx_word'/>
</head>
<body>
  <div class='ocr_page' id='page_1' title='image "./operaomniaaccura26auguuoft/operaomniaaccura26auguuoft_0099.png"; bbox 0 0 1758 3246; ppageno 0'>
   <div class='ocr_carea' id='block_1_1' title="bbox 348 314 1433 377">
    <p class='ocr_par' dir='ltr' id='par_1_1' title="bbox 348 314 1433 377">
     <span class='ocr_line' id='line_1_1' title="bbox 348 314 1433 377; baseline 0.001 -19"><span class='ocrx_word' id='word_1_1' title='bbox 348 329 402 358; x_wconf 87' lang='lat' dir='ltr'>DE</span> <span class='ocrx_word' id='word_1_2' title='bbox 440 326 540 356; x_wconf 66' lang='lat' dir='ltr'>Finis</span> <span class='ocrx_word' id='word_1_3' title='bbox 577 325 629 354; x_wconf 78' lang='lat' dir='ltr'>ET</span> <span class='ocrx_word' id='word_1_4' title='bbox 665 325 904 366; x_wconf 63' lang='lat' dir='ltr'>ornamus,</span> <span class='ocrx_word' id='word_1_5' title='bbox 945 328 1029 358; x_wconf 79' lang='lat' dir='ltr'>tin.</span> <span class='ocrx_word' id='word_1_6' title='bbox 1073 329 1102 358; x_wconf 90' lang='lat'>1.</span> <span class='ocrx_word' id='word_1_7' title='bbox 1372 314 1433 377; x_wconf 74' lang='lat'>89</span> 
     </span>
    </p>
   </div>
   <div class='ocr_carea' id='block_1_2' title="bbox 49 389 1441 2632">
    <p class='ocr_par' dir='ltr' id='par_1_2' title="bbox 52 389 1435 858">
     <span class='ocr_line' id='line_1_2' title="bbox 55 389 1432 453; baseline 0.004 -18"><span class='ocrx_word' id='word_1_8' title='bbox 55 414 76 435; x_wconf 69' lang='lat'>&gt;2</span> <span class='ocrx_word' id='word_1_9' title='bbox 101 393 256 440; x_wconf 76' lang='lat' dir='ltr'>coeni‘l.</span> <span class='ocrx_word' id='word_1_10' title='bbox 282 415 302 434; x_wconf 85' lang='lat'>))</span> <span class='ocrx_word' id='word_1_11' title='bbox 330 392 450 449; x_wconf 81' lang='lat' dir='ltr'>Quid</span> <span class='ocrx_word' id='word_1_12' title='bbox 482 389 626 435; x_wconf 83' lang='lat' dir='ltr'>adhuc</span> <span class='ocrx_word' id='word_1_13' title='bbox 653 390 926 453; x_wconf 76' lang='lat' dir='ltr'>promittitur</span> <span class='ocrx_word' id='word_1_14' title='bbox 962 403 1111 437; x_wconf 85' lang='lat' dir='ltr'>contra</span> <span class='ocrx_word' id='word_1_15' title='bbox 1139 393 1263 439; x_wconf 86' lang='lat' dir='ltr'>istam</span> <span class='ocrx_word' id='word_1_16' title='bbox 1288 395 1432 440; x_wconf 84' lang='lat' dir='ltr'>mani-</span> 
     </span>
     <span class='ocr_line' id='line_1_3' title="bbox 52 460 1434 524; baseline 0.002 -17"><span class='ocrx_word' id='word_1_17' title='bbox 52 462 322 508; x_wconf 78' lang='lat' dir='ltr'>festissimam</span> <span class='ocrx_word' id='word_1_18' title='bbox 339 461 563 507; x_wconf 83' lang='lat' dir='ltr'>veritatem</span> <span class='ocrx_word' id='word_1_19' title='bbox 583 460 776 505; x_wconf 88' lang='lat' dir='ltr'>conditio</span> <span class='ocrx_word' id='word_1_20' title='bbox 798 461 952 506; x_wconf 90' lang='lat' dir='ltr'>melior</span> <span class='ocrx_word' id='word_1_21' title='bbox 967 461 1017 506; x_wconf 86' lang='lat' dir='ltr'>iis</span> <span class='ocrx_word' id='word_1_22' title='bbox 1035 462 1110 524; x_wconf 87' lang='lat' dir='ltr'>qui</span> <span class='ocrx_word' id='word_1_23' title='bbox 1135 475 1434 522; x_wconf 82' lang='lat' dir='ltr'>cognoverunt</span> 
     </span>
     <span class='ocr_line' id='line_1_4' title="bbox 53 530 1432 596; baseline 0.001 -19"><span class='ocrx_word' id='word_1_24' title='bbox 53 532 167 577; x_wconf 84' lang='lat' dir='ltr'>viam</span> <span class='ocrx_word' id='word_1_25' title='bbox 182 532 392 590; x_wconf 73' lang='lat' dir='ltr'>justitiae,</span> <span class='ocrx_word' id='word_1_26' title='bbox 422 530 507 576; x_wconf 85' lang='lat' dir='ltr'>hoc</span> <span class='ocrx_word' id='word_1_27' title='bbox 535 539 619 585; x_wconf 75' lang='lat' dir='ltr'>est,</span> <span class='ocrx_word' id='word_1_28' title='bbox 649 531 888 575; x_wconf 87' lang='lat' dir='ltr'>Dominum</span> <span class='ocrx_word' id='word_1_29' title='bbox 919 531 1164 588; x_wconf 79' lang='lat' dir='ltr'>Christum,</span> <span class='ocrx_word' id='word_1_30' title='bbox 1199 544 1240 577; x_wconf 91' lang='lat' dir='ltr'>et</span> <span class='ocrx_word' id='word_1_31' title='bbox 1261 534 1432 596; x_wconf 77' lang='lat' dir='ltr'>perdite</span> 
     </span>
     <span class='ocr_line' id='line_1_5' title="bbox 53 601 1432 667; baseline 0.002 -21"><span class='ocrx_word' id='word_1_32' title='bbox 53 602 223 657; x_wconf 75' lang='lat' dir='ltr'>vivunt,</span> <span class='ocrx_word' id='word_1_33' title='bbox 244 619 375 665; x_wconf 88' lang='lat' dir='ltr'>quam</span> <span class='ocrx_word' id='word_1_34' title='bbox 399 602 432 646; x_wconf 87' lang='lat' dir='ltr'>si</span> <span class='ocrx_word' id='word_1_35' title='bbox 456 601 632 646; x_wconf 82' lang='lat' dir='ltr'>omnino</span> <span class='ocrx_word' id='word_1_36' title='bbox 656 618 743 646; x_wconf 90' lang='lat' dir='ltr'>non</span> <span class='ocrx_word' id='word_1_37' title='bbox 764 602 1097 661; x_wconf 70' lang='lat' dir='ltr'>cognovissent?</span> <span class='ocrx_word' id='word_1_38' title='bbox 1122 620 1223 648; x_wconf 91' lang='lat' dir='ltr'>cum</span> <span class='ocrx_word' id='word_1_39' title='bbox 1248 605 1432 667; x_wconf 83' lang='lat' dir='ltr'>apertis-</span> 
     </span>
     <span class='ocr_line' id='line_1_6' title="bbox 53 671 1435 732; baseline 0.001 -16"><span class='ocrx_word' id='word_1_40' title='bbox 53 672 155 716; x_wconf 83' lang='lat' dir='ltr'>sime</span> <span class='ocrx_word' id='word_1_41' title='bbox 193 671 394 717; x_wconf 86' lang='lat' dir='ltr'>dicatur:</span> <span class='ocrx_word' id='word_1_42' title='bbox 434 693 454 712; x_wconf 85' lang='lat'>&lt;‹</span> <span class='ocrx_word' id='word_1_43' title='bbox 476 671 628 717; x_wconf 86' lang='lat' dir='ltr'>Melius</span> <span class='ocrx_word' id='word_1_44' title='bbox 664 682 754 716; x_wconf 87' lang='lat' dir='ltr'>erat</span> <span class='ocrx_word' id='word_1_45' title='bbox 788 671 871 717; x_wconf 89' lang='lat' dir='ltr'>illis</span> <span class='ocrx_word' id='word_1_46' title='bbox 912 690 999 718; x_wconf 87' lang='lat' dir='ltr'>non</span> <span class='ocrx_word' id='word_1_47' title='bbox 1033 690 1290 732; x_wconf 81' lang='lat' dir='ltr'>cognoscere</span> <span class='ocrx_word' id='word_1_48' title='bbox 1317 675 1435 719; x_wconf 88' lang='lat' dir='ltr'>viam</span> 
     </span>
     <span class='ocr_line' id='line_1_7' title="bbox 55 742 1433 805; baseline 0.003 -19"><span class='ocrx_word' id='word_1_49' title='bbox 55 763 75 783; x_wconf 90' lang='lat'>»</span> <span class='ocrx_word' id='word_1_50' title='bbox 93 742 290 801; x_wconf 69' lang='lat' dir='ltr'>justitiae,</span> <span class='ocrx_word' id='word_1_51' title='bbox 312 759 444 805; x_wconf 84' lang='lat' dir='ltr'>quam</span> <span class='ocrx_word' id='word_1_52' title='bbox 461 752 767 801; x_wconf 81' lang='lat' dir='ltr'>cognoscentes</span> <span class='ocrx_word' id='word_1_53' title='bbox 781 754 1015 789; x_wconf 84' lang='lat' dir='ltr'>retrorsum</span> <span class='ocrx_word' id='word_1_54' title='bbox 1042 743 1206 789; x_wconf 84' lang='lat' dir='ltr'>reflecti</span> <span class='ocrx_word' id='word_1_55' title='bbox 1225 762 1248 789; x_wconf 84' lang='lat' dir='ltr'>a</span> <span class='ocrx_word' id='word_1_56' title='bbox 1270 743 1433 790; x_wconf 86' lang='lat' dir='ltr'>tradito</span> 
     </span>
     <span class='ocr_line' id='line_1_8' title="bbox 53 811 646 858; baseline 0.002 -2"><span class='ocrx_word' id='word_1_57' title='bbox 53 832 74 853; x_wconf 84' lang='lat'>»</span> <span class='ocrx_word' id='word_1_58' title='bbox 95 811 177 857; x_wconf 88' lang='lat' dir='ltr'>sibi</span> <span class='ocrx_word' id='word_1_59' title='bbox 203 824 351 857; x_wconf 85' lang='lat' dir='ltr'>sancto</span> <span class='ocrx_word' id='word_1_60' title='bbox 370 812 592 858; x_wconf 86' lang='lat' dir='ltr'>mandato.</span> <span class='ocrx_word' id='word_1_61' title='bbox 625 832 646 852; x_wconf 88' lang='lat'>»</span> 
     </span>
    </p>

    <p class='ocr_par' dir='ltr' id='par_1_3' title="bbox 49 881 1441 2632">
     <span class='ocr_line' id='line_1_9' title="bbox 116 881 1434 945; baseline 0.002 -19.002"><span class='ocrx_word' id='word_1_62' title='bbox 116 883 271 929; x_wconf 80' lang='lat' dir='ltr'>XLVI.</span> <span class='ocrx_word' id='word_1_63' title='bbox 315 883 464 945; x_wconf 86' lang='lat' dir='ltr'>Neque</span> <span class='ocrx_word' id='word_1_64' title='bbox 514 883 629 927; x_wconf 88' lang='lat' dir='ltr'>enim</span> <span class='ocrx_word' id='word_1_65' title='bbox 668 881 779 927; x_wconf 82' lang='lat' dir='ltr'>illud</span> <span class='ocrx_word' id='word_1_66' title='bbox 830 881 916 928; x_wconf 88' lang='lat' dir='ltr'>hoc</span> <span class='ocrx_word' id='word_1_67' title='bbox 957 883 1054 928; x_wconf 73' lang='lat' dir='ltr'>loco</span> <span class='ocrx_word' id='word_1_68' title='bbox 1103 883 1434 943; x_wconf 75' lang='lat' dir='ltr'>intelligendum</span> 
     </span>
     <span class='ocr_line' id='line_1_10' title="bbox 51 951 1436 1015; baseline 0.002 -20"><span class='ocrx_word' id='word_1_69' title='bbox 51 961 113 995; x_wconf 70' lang='lat' dir='ltr'>(st</span> <span class='ocrx_word' id='word_1_70' title='bbox 128 962 326 997; x_wconf 84' lang='lat' dir='ltr'>sanctum</span> <span class='ocrx_word' id='word_1_71' title='bbox 343 951 617 1001; x_wconf 79' lang='lat' dir='ltr'>mandatum,</span> <span class='ocrx_word' id='word_1_72' title='bbox 645 969 732 1014; x_wconf 87' lang='lat' dir='ltr'>quo</span> <span class='ocrx_word' id='word_1_73' title='bbox 752 962 1027 1015; x_wconf 70' lang='lat' dir='ltr'>preceptum</span> <span class='ocrx_word' id='word_1_74' title='bbox 1052 964 1131 1007; x_wconf 90' lang='lat' dir='ltr'>est,</span> <span class='ocrx_word' id='word_1_75' title='bbox 1155 964 1205 999; x_wconf 91' lang='lat' dir='ltr'>ut</span> <span class='ocrx_word' id='word_1_76' title='bbox 1223 954 1269 999; x_wconf 88' lang='lat' dir='ltr'>in</span> <span class='ocrx_word' id='word_1_77' title='bbox 1293 954 1436 999; x_wconf 86' lang='lat' dir='ltr'>Deum</span> 
     </span>
     <span class='ocr_line' id='line_1_11' title="bbox 49 1021 1433 1084; baseline 0.003 -19"><span class='ocrx_word' id='word_1_78' title='bbox 49 1021 305 1067; x_wconf 78' lang='lat' dir='ltr'>credamus·</span> <span class='ocrx_word' id='word_1_79' title='bbox 296 1040 306 1066; x_wconf 90' lang='lat'><strong>:</strong></span> <span class='ocrx_word' id='word_1_80' title='bbox 330 1038 585 1084; x_wconf 79' lang='lat' dir='ltr'>quanquam</span> <span class='ocrx_word' id='word_1_81' title='bbox 605 1038 654 1065; x_wconf 86' lang='lat' dir='ltr'>eo</span> <span class='ocrx_word' id='word_1_82' title='bbox 684 1022 779 1083; x_wconf 85' lang='lat' dir='ltr'>ipso</span> <span class='ocrx_word' id='word_1_83' title='bbox 810 1032 953 1067; x_wconf 92' lang='lat' dir='ltr'>totum</span> <span class='ocrx_word' id='word_1_84' title='bbox 985 1023 1253 1079; x_wconf 77' lang='lat' dir='ltr'>continetur,</span> <span class='ocrx_word' id='word_1_85' title='bbox 1285 1024 1320 1069; x_wconf 89' lang='lat' dir='ltr'>si</span> <span class='ocrx_word' id='word_1_86' title='bbox 1339 1040 1433 1068; x_wconf 89' lang='lat' dir='ltr'>eam</span> 
     </span>
     <span class='ocr_line' id='line_1_12' title="bbox 49 1090 1436 1157; baseline 0.001 -21"><span class='ocrx_word' id='word_1_87' title='bbox 49 1090 338 1150; x_wconf 81' lang='lat' dir='ltr'>intelligamus</span> <span class='ocrx_word' id='word_1_88' title='bbox 352 1091 483 1135; x_wconf 86' lang='lat' dir='ltr'>fidem</span> <span class='ocrx_word' id='word_1_89' title='bbox 502 1090 790 1146; x_wconf 77' lang='lat' dir='ltr'>credentium,</span> <span class='ocrx_word' id='word_1_90' title='bbox 811 1108 912 1154; x_wconf 83' lang='lat' dir='ltr'>quae</span> <span class='ocrx_word' id='word_1_91' title='bbox 933 1110 1013 1155; x_wconf 87' lang='lat' dir='ltr'>per</span> <span class='ocrx_word' id='word_1_92' title='bbox 1032 1092 1310 1140; x_wconf 87' lang='lat' dir='ltr'>dilectionem</span> <span class='ocrx_word' id='word_1_93' title='bbox 1330 1111 1436 1157; x_wconf 85' lang='lat' dir='ltr'>ope-</span> 
     </span>
     <span class='ocr_line' id='line_1_13' title="bbox 50 1128 1439 1224; baseline 0.002 -17"><span class='ocrx_word' id='word_1_94' title='bbox 50 1172 171 1207; x_wconf 78' lang='lat' dir='ltr'>ratur</span> <span class='ocrx_word' id='word_1_95' title='bbox 193 1179 202 1206; x_wconf 93' lang='lat'><strong>:</strong></span> <span class='ocrx_word' id='word_1_96' title='bbox 232 1162 305 1207; x_wconf 87' lang='lat' dir='ltr'>sed</span> <span class='ocrx_word' id='word_1_97' title='bbox 329 1171 474 1224; x_wconf 87' lang='lat' dir='ltr'>aperte</span> <span class='ocrx_word' id='word_1_98' title='bbox 491 1160 699 1222; x_wconf 74' lang='lat' dir='ltr'>expressit</span> <span class='ocrx_word' id='word_1_99' title='bbox 718 1128 825 1223; x_wconf 84' lang='lat' dir='ltr'>quid</span> <span class='ocrx_word' id='word_1_100' title='bbox 849 1161 1013 1208; x_wconf 82' lang='lat' dir='ltr'>diceret</span> <span class='ocrx_word' id='word_1_101' title='bbox 1031 1175 1228 1209; x_wconf 82' lang='lat' dir='ltr'>sanctum</span> <span class='ocrx_word' id='word_1_102' title='bbox 1249 1163 1439 1210; x_wconf 76' lang='lat' dir='ltr'>manda-</span> 
     </span>
     <span class='ocr_line' id='line_1_14' title="bbox 54 1232 1440 1295; baseline 0.002 -18"><span class='ocrx_word' id='word_1_103' title='bbox 54 1244 163 1289; x_wconf 77' lang='lat' dir='ltr'>tum,</span> <span class='ocrx_word' id='word_1_104' title='bbox 205 1232 252 1277; x_wconf 90' lang='lat' dir='ltr'>id</span> <span class='ocrx_word' id='word_1_105' title='bbox 284 1243 362 1287; x_wconf 77' lang='lat' dir='ltr'>est,</span> <span class='ocrx_word' id='word_1_106' title='bbox 402 1247 490 1295; x_wconf 85' lang='lat' dir='ltr'>quo</span> <span class='ocrx_word' id='word_1_107' title='bbox 529 1242 805 1293; x_wconf 78' lang='lat' dir='ltr'>praeceptum</span> <span class='ocrx_word' id='word_1_108' title='bbox 829 1242 907 1287; x_wconf 79' lang='lat' dir='ltr'>est,</span> <span class='ocrx_word' id='word_1_109' title='bbox 950 1244 998 1278; x_wconf 92' lang='lat' dir='ltr'>ut</span> <span class='ocrx_word' id='word_1_110' title='bbox 1033 1235 1089 1278; x_wconf 82' lang='lat' dir='ltr'>ab</span> <span class='ocrx_word' id='word_1_111' title='bbox 1125 1234 1257 1294; x_wconf 87' lang='lat' dir='ltr'>hujus</span> <span class='ocrx_word' id='word_1_112' title='bbox 1284 1233 1440 1280; x_wconf 87' lang='lat' dir='ltr'>mundi</span> 
     </span>
     <span class='ocr_line' id='line_1_15' title="bbox 51 1301 1440 1367; baseline 0.001 -19"><span class='ocrx_word' id='word_1_113' title='bbox 51 1302 485 1367; x_wconf 80' lang='lat' dir='ltr'>coinquinationibus</span> <span class='ocrx_word' id='word_1_114' title='bbox 527 1301 774 1347; x_wconf 83' lang='lat' dir='ltr'>recedentes</span> <span class='ocrx_word' id='word_1_115' title='bbox 817 1313 931 1348; x_wconf 85' lang='lat' dir='ltr'>casta</span> <span class='ocrx_word' id='word_1_116' title='bbox 968 1306 1291 1350; x_wconf 81' lang='lat' dir='ltr'>conversatione</span> <span class='ocrx_word' id='word_1_117' title='bbox 1322 1305 1440 1350; x_wconf 70' lang='lat' dir='ltr'>viva-</span> 
     </span>
     <span class='ocr_line' id='line_1_16' title="bbox 52 1370 1439 1439; baseline 0.001 -21"><span class='ocrx_word' id='word_1_118' title='bbox 52 1391 159 1420; x_wconf 87' lang='lat' dir='ltr'>mus.</span> <span class='ocrx_word' id='word_1_119' title='bbox 189 1374 261 1419; x_wconf 79' lang='lat' dir='ltr'>Sic</span> <span class='ocrx_word' id='word_1_120' title='bbox 278 1374 392 1419; x_wconf 88' lang='lat' dir='ltr'>enim</span> <span class='ocrx_word' id='word_1_121' title='bbox 413 1372 472 1417; x_wconf 85' lang='lat' dir='ltr'>ait</span> <span class='ocrx_word' id='word_1_122' title='bbox 495 1389 505 1415; x_wconf 75' lang='grc' dir='ltr'><em>τ</em></span> <span class='ocrx_word' id='word_1_123' title='bbox 533 1391 553 1412; x_wconf 75' lang='grc' dir='ltr'>α</span> <span class='ocrx_word' id='word_1_124' title='bbox 571 1370 615 1416; x_wconf 84' lang='lat' dir='ltr'>Si</span> <span class='ocrx_word' id='word_1_125' title='bbox 637 1371 752 1417; x_wconf 89' lang='lat' dir='ltr'>enim</span> <span class='ocrx_word' id='word_1_126' title='bbox 782 1372 1041 1433; x_wconf 80' lang='lat' dir='ltr'>refugientes</span> <span class='ocrx_word' id='word_1_127' title='bbox 1060 1375 1439 1439; x_wconf 82' lang='lat' dir='ltr'>coinquinationes</span> 
     </span>
     <span class='ocr_line' id='line_1_17' title="bbox 53 1443 1441 1503; baseline 0.003 -17"><span class='ocrx_word' id='word_1_128' title='bbox 53 1465 72 1486; x_wconf 63' lang='grc' dir='ltr'>υ</span> <span class='ocrx_word' id='word_1_129' title='bbox 97 1444 251 1490; x_wconf 89' lang='lat' dir='ltr'>mundi</span> <span class='ocrx_word' id='word_1_130' title='bbox 284 1444 331 1489; x_wconf 86' lang='lat' dir='ltr'>in</span> <span class='ocrx_word' id='word_1_131' title='bbox 364 1443 625 1503; x_wconf 85' lang='lat' dir='ltr'>agnitionem</span> <span class='ocrx_word' id='word_1_132' title='bbox 662 1443 842 1488; x_wconf 89' lang='lat' dir='ltr'>Domini</span> <span class='ocrx_word' id='word_1_133' title='bbox 877 1444 1013 1489; x_wconf 87' lang='lat' dir='ltr'>nostri</span> <span class='ocrx_word' id='word_1_134' title='bbox 1047 1455 1089 1489; x_wconf 94' lang='lat' dir='ltr'>et</span> <span class='ocrx_word' id='word_1_135' title='bbox 1125 1445 1441 1492; x_wconf 83' lang='lat' dir='ltr'>conservatoris</span> 
     </span>
     <span class='ocr_line' id='line_1_18' title="bbox 51 1513 1437 1576; baseline 0.004 -20"><span class='ocrx_word' id='word_1_136' title='bbox 51 1536 72 1556; x_wconf 83' lang='grc'>»</span> <span class='ocrx_word' id='word_1_137' title='bbox 101 1516 202 1560; x_wconf 85' lang='lat' dir='ltr'>Jesu</span> <span class='ocrx_word' id='word_1_138' title='bbox 227 1513 412 1569; x_wconf 76' lang='lat' dir='ltr'>Christi,</span> <span class='ocrx_word' id='word_1_139' title='bbox 434 1513 504 1558; x_wconf 85' lang='lat' dir='ltr'>his</span> <span class='ocrx_word' id='word_1_140' title='bbox 524 1529 670 1557; x_wconf 87' lang='lat' dir='ltr'>rursus</span> <span class='ocrx_word' id='word_1_141' title='bbox 688 1513 869 1576; x_wconf 82' lang='lat' dir='ltr'>implexi</span> <span class='ocrx_word' id='word_1_142' title='bbox 894 1525 1174 1576; x_wconf 71' lang='lat' dir='ltr'>superantur,</span> <span class='ocrx_word' id='word_1_143' title='bbox 1197 1515 1314 1561; x_wconf 77' lang='lat' dir='ltr'>facta</span> <span class='ocrx_word' id='word_1_144' title='bbox 1334 1526 1437 1561; x_wconf 87' lang='lat' dir='ltr'>sunt</span> 
     </span>
     <span class='ocr_line' id='line_1_19' title="bbox 53 1582 1439 1648; baseline 0.003 -22"><span class='ocrx_word' id='word_1_145' title='bbox 53 1605 73 1626; x_wconf 88' lang='lat'>›&gt;</span> <span class='ocrx_word' id='word_1_146' title='bbox 97 1585 181 1630; x_wconf 83' lang='lat' dir='ltr'>illis</span> <span class='ocrx_word' id='word_1_147' title='bbox 202 1585 438 1648; x_wconf 86' lang='lat' dir='ltr'>posteriora</span> <span class='ocrx_word' id='word_1_148' title='bbox 460 1582 671 1628; x_wconf 85' lang='lat' dir='ltr'>deteriora</span> <span class='ocrx_word' id='word_1_149' title='bbox 690 1582 927 1644; x_wconf 76' lang='lat' dir='ltr'>prioribus.</span> <span class='ocrx_word' id='word_1_150' title='bbox 953 1605 973 1624; x_wconf 85' lang='lat'>»</span> <span class='ocrx_word' id='word_1_151' title='bbox 994 1584 1032 1627; x_wconf 75' lang='lat' dir='ltr'>N</span> <span class='ocrx_word' id='word_1_152' title='bbox 1037 1601 1093 1629; x_wconf 92' lang='lat' dir='ltr'>on</span> <span class='ocrx_word' id='word_1_153' title='bbox 1118 1584 1195 1641; x_wconf 76' lang='lat' dir='ltr'>ait,</span> <span class='ocrx_word' id='word_1_154' title='bbox 1223 1584 1439 1644; x_wconf 84' lang='lat' dir='ltr'>refugien-</span> 
     </span>
     <span class='ocr_line' id='line_1_20' title="bbox 53 1652 1435 1715; baseline 0 -15"><span class='ocrx_word' id='word_1_155' title='bbox 53 1666 112 1700; x_wconf 77' lang='lat' dir='ltr'>tes</span> <span class='ocrx_word' id='word_1_156' title='bbox 129 1655 421 1715; x_wconf 84' lang='lat' dir='ltr'>ignorantiam</span> <span class='ocrx_word' id='word_1_157' title='bbox 448 1652 545 1707; x_wconf 72' lang='lat' dir='ltr'>Dei,</span> <span class='ocrx_word' id='word_1_158' title='bbox 572 1664 646 1698; x_wconf 84' lang='lat' dir='ltr'>aut</span> <span class='ocrx_word' id='word_1_159' title='bbox 665 1652 924 1711; x_wconf 78' lang='lat' dir='ltr'>refugientes</span> <span class='ocrx_word' id='word_1_160' title='bbox 941 1654 1244 1700; x_wconf 80' lang='lat' dir='ltr'>infidelitatem</span> <span class='ocrx_word' id='word_1_161' title='bbox 1268 1655 1435 1711; x_wconf 81' lang='lat' dir='ltr'>saeculi,</span> 
     </span>
     <span class='ocr_line' id='line_1_21' title="bbox 50 1722 1440 1788; baseline 0.001 -18"><span class='ocrx_word' id='word_1_162' title='bbox 50 1725 119 1770; x_wconf 81' lang='lat' dir='ltr'>vel</span> <span class='ocrx_word' id='word_1_163' title='bbox 144 1725 225 1770; x_wconf 74' lang='lat' dir='ltr'>tale</span> <span class='ocrx_word' id='word_1_164' title='bbox 253 1723 419 1788; x_wconf 85' lang='lat' dir='ltr'>aliquid</span> <span class='ocrx_word' id='word_1_165' title='bbox 441 1741 450 1767; x_wconf 93' lang='lat'><strong>:</strong></span> <span class='ocrx_word' id='word_1_166' title='bbox 479 1722 569 1778; x_wconf 82' lang='lat' dir='ltr'>sed,</span> <span class='ocrx_word' id='word_1_167' title='bbox 585 1744 604 1763; x_wconf 74' lang='grc' dir='ltr'>α</span> <span class='ocrx_word' id='word_1_168' title='bbox 623 1723 1010 1786; x_wconf 80' lang='lat' dir='ltr'>Coinquinationes</span> <span class='ocrx_word' id='word_1_169' title='bbox 1033 1725 1206 1781; x_wconf 77' lang='lat' dir='ltr'>mundi,</span> <span class='ocrx_word' id='word_1_170' title='bbox 1223 1746 1243 1766; x_wconf 85' lang='lat'>»</span> <span class='ocrx_word' id='word_1_171' title='bbox 1268 1727 1321 1770; x_wconf 88' lang='lat' dir='ltr'>In</span> <span class='ocrx_word' id='word_1_172' title='bbox 1343 1726 1440 1788; x_wconf 90' lang='lat' dir='ltr'>qui-</span> 
     </span>
     <span class='ocr_line' id='line_1_22' title="bbox 51 1792 1439 1857; baseline -0.001 -17"><span class='ocrx_word' id='word_1_173' title='bbox 51 1796 133 1840; x_wconf 84' lang='lat' dir='ltr'>bus</span> <span class='ocrx_word' id='word_1_174' title='bbox 162 1805 223 1840; x_wconf 88' lang='lat' dir='ltr'>est</span> <span class='ocrx_word' id='word_1_175' title='bbox 252 1795 404 1857; x_wconf 88' lang='lat' dir='ltr'>utique</span> <span class='ocrx_word' id='word_1_176' title='bbox 434 1793 572 1838; x_wconf 87' lang='lat' dir='ltr'>omnis</span> <span class='ocrx_word' id='word_1_177' title='bbox 603 1792 882 1838; x_wconf 86' lang='lat' dir='ltr'>immunditia</span> <span class='ocrx_word' id='word_1_178' title='bbox 922 1794 1203 1853; x_wconf 82' lang='lat' dir='ltr'>flagitiorum.</span> <span class='ocrx_word' id='word_1_179' title='bbox 1236 1796 1348 1840; x_wconf 80' lang='lat' dir='ltr'>Nam</span> <span class='ocrx_word' id='word_1_180' title='bbox 1386 1795 1439 1841; x_wconf 90' lang='lat' dir='ltr'>de</span> 
     </span>
     <span class='ocr_line' id='line_1_23' title="bbox 52 1862 1436 1928; baseline -0.001 -17"><span class='ocrx_word' id='word_1_181' title='bbox 52 1866 120 1911; x_wconf 75' lang='lat' dir='ltr'>his</span> <span class='ocrx_word' id='word_1_182' title='bbox 159 1865 356 1928; x_wconf 87' lang='lat' dir='ltr'>superius</span> <span class='ocrx_word' id='word_1_183' title='bbox 388 1864 570 1926; x_wconf 84' lang='lat' dir='ltr'>loquens</span> <span class='ocrx_word' id='word_1_184' title='bbox 590 1900 600 1917; x_wconf 68' lang='lat'><strong><em>‚</em></strong></span> <span class='ocrx_word' id='word_1_185' title='bbox 639 1862 778 1907; x_wconf 79' lang='lat' dir='ltr'>dixit:</span> <span class='ocrx_word' id='word_1_186' title='bbox 809 1884 829 1904; x_wconf 74' lang='grc' dir='ltr'>α</span> <span class='ocrx_word' id='word_1_187' title='bbox 849 1864 1147 1927; x_wconf 67' lang='lat' dir='ltr'>Coepulantes</span> <span class='ocrx_word' id='word_1_188' title='bbox 1178 1865 1405 1911; x_wconf 86' lang='lat' dir='ltr'>vobiscum</span> <span class='ocrx_word' id='word_1_189' title='bbox 1425 1903 1436 1920; x_wconf 87' lang='lat'>‚</span> 
     </span>
     <span class='ocr_line' id='line_1_24' title="bbox 52 1933 1439 1999; baseline 0.002 -21"><span class='ocrx_word' id='word_1_190' title='bbox 52 1957 73 1979; x_wconf 90' lang='lat'>»</span> <span class='ocrx_word' id='word_1_191' title='bbox 97 1936 245 1982; x_wconf 86' lang='lat' dir='ltr'>oculos</span> <span class='ocrx_word' id='word_1_192' title='bbox 272 1936 484 1980; x_wconf 79' lang='lat' dir='ltr'>habentes</span> <span class='ocrx_word' id='word_1_193' title='bbox 518 1933 669 1996; x_wconf 86' lang='lat' dir='ltr'>plenos</span> <span class='ocrx_word' id='word_1_194' title='bbox 701 1933 903 1979; x_wconf 86' lang='lat' dir='ltr'>adulterii</span> <span class='ocrx_word' id='word_1_195' title='bbox 939 1945 982 1980; x_wconf 92' lang='lat' dir='ltr'>et</span> <span class='ocrx_word' id='word_1_196' title='bbox 1013 1934 1298 1981; x_wconf 86' lang='lat' dir='ltr'>indesinentis</span> <span class='ocrx_word' id='word_1_197' title='bbox 1329 1953 1439 1999; x_wconf 86' lang='lat' dir='ltr'>pec-</span> 
     </span>
     <span class='ocr_line' id='line_1_25' title="bbox 55 2003 1439 2068; baseline 0.002 -20"><span class='ocrx_word' id='word_1_198' title='bbox 55 2027 77 2048; x_wconf 90' lang='lat'>»</span> <span class='ocrx_word' id='word_1_199' title='bbox 103 2005 234 2052; x_wconf 74' lang='lat' dir='ltr'>cati2.</span> <span class='ocrx_word' id='word_1_200' title='bbox 257 2027 278 2047; x_wconf 88' lang='lat'>»</span> <span class='ocrx_word' id='word_1_201' title='bbox 307 2005 410 2050; x_wconf 87' lang='lat' dir='ltr'>ldeo</span> <span class='ocrx_word' id='word_1_202' title='bbox 444 2004 572 2049; x_wconf 87' lang='lat' dir='ltr'>etiam</span> <span class='ocrx_word' id='word_1_203' title='bbox 610 2003 747 2048; x_wconf 85' lang='lat' dir='ltr'>fontes</span> <span class='ocrx_word' id='word_1_204' title='bbox 779 2003 916 2048; x_wconf 90' lang='lat' dir='ltr'>siccos</span> <span class='ocrx_word' id='word_1_205' title='bbox 944 2021 1015 2050; x_wconf 91' lang='lat' dir='ltr'>eos</span> <span class='ocrx_word' id='word_1_206' title='bbox 1045 2005 1267 2068; x_wconf 79' lang='lat' dir='ltr'>appellat3</span> <span class='ocrx_word' id='word_1_207' title='bbox 1299 2005 1439 2051; x_wconf 86' lang='lat' dir='ltr'>fontes</span> 
     </span>
     <span class='ocr_line' id='line_1_26' title="bbox 53 2073 1438 2138; baseline -0.001 -16"><span class='ocrx_word' id='word_1_208' title='bbox 53 2076 279 2132; x_wconf 79' lang='lat' dir='ltr'>videlicet,</span> <span class='ocrx_word' id='word_1_209' title='bbox 312 2075 434 2138; x_wconf 87' lang='lat' dir='ltr'>quod</span> <span class='ocrx_word' id='word_1_210' title='bbox 454 2073 701 2136; x_wconf 79' lang='lat' dir='ltr'>acceperint</span> <span class='ocrx_word' id='word_1_211' title='bbox 730 2073 995 2132; x_wconf 82' lang='lat' dir='ltr'>agnitionem</span> <span class='ocrx_word' id='word_1_212' title='bbox 1029 2075 1208 2121; x_wconf 90' lang='lat' dir='ltr'>Domini</span> <span class='ocrx_word' id='word_1_213' title='bbox 1242 2075 1438 2130; x_wconf 85' lang='lat' dir='ltr'>Christi3</span> 
     </span>
     <span class='ocr_line' id='line_1_27' title="bbox 53 2144 1438 2207; baseline -0.001 -14"><span class='ocrx_word' id='word_1_214' title='bbox 53 2147 189 2193; x_wconf 80' lang='lat' dir='ltr'>siccos</span> <span class='ocrx_word' id='word_1_215' title='bbox 217 2156 391 2200; x_wconf 77' lang='lat' dir='ltr'>autem,</span> <span class='ocrx_word' id='word_1_216' title='bbox 427 2144 530 2207; x_wconf 84' lang='lat' dir='ltr'>quia</span> <span class='ocrx_word' id='word_1_217' title='bbox 553 2161 641 2188; x_wconf 89' lang='lat' dir='ltr'>non</span> <span class='ocrx_word' id='word_1_218' title='bbox 666 2154 955 2202; x_wconf 86' lang='lat' dir='ltr'>congruenter</span> <span class='ocrx_word' id='word_1_219' title='bbox 980 2145 1148 2191; x_wconf 83' lang='lat' dir='ltr'>vivunt.</span> <span class='ocrx_word' id='word_1_220' title='bbox 1189 2147 1253 2190; x_wconf 85' lang='lat' dir='ltr'>De</span> <span class='ocrx_word' id='word_1_221' title='bbox 1277 2144 1438 2191; x_wconf 82' lang='lat' dir='ltr'>talibus</span> 
     </span>
     <span class='ocr_line' id='line_1_28' title="bbox 52 2212 1433 2280; baseline 0 -20"><span class='ocrx_word' id='word_1_222' title='bbox 52 2217 218 2280; x_wconf 82' lang='lat' dir='ltr'>quippe</span> <span class='ocrx_word' id='word_1_223' title='bbox 238 2215 369 2260; x_wconf 87' lang='lat' dir='ltr'>etiam</span> <span class='ocrx_word' id='word_1_224' title='bbox 393 2215 416 2258; x_wconf 78' lang='lat' dir='ltr'>J</span> <span class='ocrx_word' id='word_1_225' title='bbox 424 2214 529 2259; x_wconf 87' lang='lat' dir='ltr'>udas</span> <span class='ocrx_word' id='word_1_226' title='bbox 551 2212 770 2277; x_wconf 83' lang='lat' dir='ltr'>apostolus</span> <span class='ocrx_word' id='word_1_227' title='bbox 790 2212 970 2276; x_wconf 87' lang='lat' dir='ltr'>loquens</span> <span class='ocrx_word' id='word_1_228' title='bbox 989 2232 999 2259; x_wconf 75' lang='lat' dir='ltr'>t</span> <span class='ocrx_word' id='word_1_229' title='bbox 1026 2236 1046 2256; x_wconf 79' lang='grc' dir='ltr'>α</span> <span class='ocrx_word' id='word_1_230' title='bbox 1068 2215 1104 2260; x_wconf 91' lang='lat' dir='ltr'>li</span> <span class='ocrx_word' id='word_1_231' title='bbox 1119 2226 1237 2272; x_wconf 81' lang='lat' dir='ltr'>sunt,</span> <span class='ocrx_word' id='word_1_232' title='bbox 1264 2216 1433 2279; x_wconf 88' lang='lat' dir='ltr'>inquit,</span> 
     </span>
     <span class='ocr_line' id='line_1_29' title="bbox 55 2284 1438 2350; baseline 0.003 -22"><span class='ocrx_word' id='word_1_233' title='bbox 55 2308 75 2328; x_wconf 86' lang='grc'>»</span> <span class='ocrx_word' id='word_1_234' title='bbox 99 2287 175 2350; x_wconf 91' lang='lat' dir='ltr'>qui</span> <span class='ocrx_word' id='word_1_235' title='bbox 197 2287 243 2331; x_wconf 88' lang='lat' dir='ltr'>in</span> <span class='ocrx_word' id='word_1_236' title='bbox 269 2285 577 2331; x_wconf 87' lang='lat' dir='ltr'>dilectionibus</span> <span class='ocrx_word' id='word_1_237' title='bbox 594 2284 744 2329; x_wconf 83' lang='lat' dir='ltr'>vestris</span> <span class='ocrx_word' id='word_1_238' title='bbox 772 2284 978 2330; x_wconf 83' lang='lat' dir='ltr'>maculati</span> <span class='ocrx_word' id='word_1_239' title='bbox 997 2287 1294 2349; x_wconf 68' lang='lat' dir='ltr'>coepulantur</span> <span class='ocrx_word' id='word_1_240' title='bbox 1311 2323 1324 2343; x_wconf 59' lang='lat'>9</span> <span class='ocrx_word' id='word_1_241' title='bbox 1349 2287 1438 2332; x_wconf 89' lang='lat' dir='ltr'>sine</span> 
     </span>
     <span class='ocr_line' id='line_1_30' title="bbox 55 2355 1441 2420; baseline 0.001 -20"><span class='ocrx_word' id='word_1_242' title='bbox 55 2379 75 2400; x_wconf 70' lang='lat'>2&gt;</span> <span class='ocrx_word' id='word_1_243' title='bbox 99 2358 251 2402; x_wconf 91' lang='lat' dir='ltr'>timore</span> <span class='ocrx_word' id='word_1_244' title='bbox 286 2355 534 2418; x_wconf 88' lang='lat' dir='ltr'>semetipsos</span> <span class='ocrx_word' id='word_1_245' title='bbox 573 2365 814 2417; x_wconf 73' lang='lat' dir='ltr'>pascentes,</span> <span class='ocrx_word' id='word_1_246' title='bbox 850 2356 990 2401; x_wconf 89' lang='lat' dir='ltr'>nubes</span> <span class='ocrx_word' id='word_1_247' title='bbox 1020 2357 1113 2402; x_wconf 88' lang='lat' dir='ltr'>sino</span> <span class='ocrx_word' id='word_1_248' title='bbox 1146 2374 1261 2420; x_wconf 84' lang='lat' dir='ltr'>aqua</span> <span class='ocrx_word' id='word_1_249' title='bbox 1279 2356 1297 2384; x_wconf 75' lang='lat'><strong>3</strong></span> <span class='ocrx_word' id='word_1_250' title='bbox 1319 2374 1330 2401; x_wconf 90' lang='lat'>:</span> <span class='ocrx_word' id='word_1_251' title='bbox 1349 2377 1370 2397; x_wconf 81' lang='lat'>»</span> <span class='ocrx_word' id='word_1_252' title='bbox 1399 2367 1441 2402; x_wconf 85' lang='lat' dir='ltr'>et·</span> 
     </span>
     <span class='ocr_line' id='line_1_31' title="bbox 55 2425 1433 2490; baseline 0 -17"><span class='ocrx_word' id='word_1_253' title='bbox 55 2439 222 2474; x_wconf 79' lang='lat' dir='ltr'>caetcra.</span> <span class='ocrx_word' id='word_1_254' title='bbox 252 2426 383 2483; x_wconf 82' lang='lat' dir='ltr'>Quod</span> <span class='ocrx_word' id='word_1_255' title='bbox 406 2426 519 2471; x_wconf 91' lang='lat' dir='ltr'>enim</span> <span class='ocrx_word' id='word_1_256' title='bbox 539 2427 692 2470; x_wconf 83' lang='lat' dir='ltr'>Petrus</span> <span class='ocrx_word' id='word_1_257' title='bbox 711 2425 769 2470; x_wconf 88' lang='lat' dir='ltr'>ait</span> <span class='ocrx_word' id='word_1_258' title='bbox 793 2443 803 2470; x_wconf 89' lang='lat'><strong>:</strong></span> <span class='ocrx_word' id='word_1_259' title='bbox 831 2447 852 2467; x_wconf 88' lang='grc'>«</span> <span class='ocrx_word' id='word_1_260' title='bbox 873 2427 1168 2490; x_wconf 78' lang='lat' dir='ltr'>Coe‘pulantes</span> <span class='ocrx_word' id='word_1_261' title='bbox 1184 2427 1433 2484; x_wconf 82' lang='lat' dir='ltr'>vobiscum,</span> 
     </span>
     <span class='ocr_line' id='line_1_32' title="bbox 55 2495 1435 2560; baseline 0.003 -20"><span class='ocrx_word' id='word_1_262' title='bbox 55 2519 75 2540; x_wconf 75' lang='lat'>2&gt;</span> <span class='ocrx_word' id='word_1_263' title='bbox 102 2498 251 2544; x_wconf 87' lang='lat' dir='ltr'>oculos</span> <span class='ocrx_word' id='word_1_264' title='bbox 288 2497 498 2542; x_wconf 81' lang='lat' dir='ltr'>habentes</span> <span class='ocrx_word' id='word_1_265' title='bbox 525 2496 675 2560; x_wconf 87' lang='lat' dir='ltr'>plenos</span> <span class='ocrx_word' id='word_1_266' title='bbox 715 2495 915 2543; x_wconf 81' lang='lat' dir='ltr'>adulterii</span> <span class='ocrx_word' id='word_1_267' title='bbox 939 2516 950 2543; x_wconf 92' lang='lat'>:</span> <span class='ocrx_word' id='word_1_268' title='bbox 971 2519 991 2540; x_wconf 88' lang='lat'>»</span> <span class='ocrx_word' id='word_1_269' title='bbox 1019 2499 1106 2545; x_wconf 87' lang='lat' dir='ltr'>hoc</span> <span class='ocrx_word' id='word_1_270' title='bbox 1142 2499 1308 2545; x_wconf 84' lang='lat' dir='ltr'>Judas:</span> <span class='ocrx_word' id='word_1_271' title='bbox 1339 2520 1361 2541; x_wconf 68' lang='grc' dir='ltr'>(ι</span> <span class='ocrx_word' id='word_1_272' title='bbox 1383 2499 1435 2544; x_wconf 93' lang='lat' dir='ltr'>In</span> 
     </span>
     <span class='ocr_line' id='line_1_33' title="bbox 56 2567 1441 2632; baseline 0 -18"><span class='ocrx_word' id='word_1_273' title='bbox 56 2589 76 2610; x_wconf 88' lang='lat'>»</span> <span class='ocrx_word' id='word_1_274' title='bbox 99 2568 407 2614; x_wconf 86' lang='lat' dir='ltr'>dilectionibus</span> <span class='ocrx_word' id='word_1_275' title='bbox 430 2567 582 2613; x_wconf 81' lang='lat' dir='ltr'>vestris</span> <span class='ocrx_word' id='word_1_276' title='bbox 600 2567 808 2613; x_wconf 82' lang='lat' dir='ltr'>maculati</span> <span class='ocrx_word' id='word_1_277' title='bbox 832 2569 1142 2632; x_wconf 70' lang='lat' dir='ltr'>coepulantur.</span> <span class='ocrx_word' id='word_1_278' title='bbox 1166 2590 1186 2612; x_wconf 73' lang='lat'>&gt;2</span> <span class='ocrx_word' id='word_1_279' title='bbox 1204 2569 1328 2615; x_wconf 77' lang='lat' dir='ltr'>Mixti</span> <span class='ocrx_word' id='word_1_280' title='bbox 1340 2579 1441 2616; x_wconf 86' lang='lat' dir='ltr'>sunt</span> 
     </span>
    </p>
   </div>
   <div class='ocr_carea' id='block_1_3' title="bbox 103 2648 1076 2692">
    <p class='ocr_par' dir='ltr' id='par_1_4' title="bbox 103 2648 1076 2692">
     <span class='ocr_line' id='line_1_34' title="bbox 103 2648 1076 2692; baseline 0 -8"><span class='ocrx_word' id='word_1_281' title='bbox 103 2653 111 2675; x_wconf 90' lang='lat'>¹</span> <span class='ocrx_word' id='word_1_282' title='bbox 133 2664 149 2684; x_wconf 85' lang='lat'>2</span> <span class='ocrx_word' id='word_1_283' title='bbox 170 2656 254 2685; x_wconf 70' lang='lat' dir='ltr'>l‘etr.</span> <span class='ocrx_word' id='word_1_284' title='bbox 269 2663 306 2692; x_wconf 80' lang='grc' dir='ltr'>ιι,</span> <span class='ocrx_word' id='word_1_285' title='bbox 331 2661 446 2691; x_wconf 76' lang='lat'><em>17-22.</em></span> <span class='ocrx_word' id='word_1_286' title='bbox 465 2668 510 2674; x_wconf 94' lang='lat'><strong>—</strong></span> <span class='ocrx_word' id='word_1_287' title='bbox 526 2649 638 2683; x_wconf 79' lang='lat' dir='ltr'>2Ibid.</span> <span class='ocrx_word' id='word_1_288' title='bbox 662 2655 714 2692; x_wconf 84' lang='lat'>13,</span> <span class='ocrx_word' id='word_1_289' title='bbox 736 2664 787 2689; x_wconf 60' lang='grc' dir='ltr'>η.</span> <span class='ocrx_word' id='word_1_290' title='bbox 803 2668 849 2676; x_wconf 91' lang='grc'>-</span> <span class='ocrx_word' id='word_1_291' title='bbox 863 2648 877 2674; x_wconf 80' lang='lat'><strong>3</strong></span> <span class='ocrx_word' id='word_1_292' title='bbox 896 2651 1005 2685; x_wconf 83' lang='lat' dir='ltr'>Judae.</span> <span class='ocrx_word' id='word_1_293' title='bbox 1025 2664 1076 2684; x_wconf 75' lang='grc' dir='ltr'>ω.</span> 
     </span>
    </p>
   </div>
  </div>
 </body>
</html>
