1758 3246
309 304 364 336 DE
399 303 501 334 mon
534 302 588 334 ET
623 301 860 345 OPERIBUS‚
899 303 987 336 nn.
1031 304 1062 336 1.
1334 294 1390 341 61

23 371 187 420 lolatria
221 370 347 435 plebs
382 369 611 416 doceretur
635 406 646 425 ‚
689 379 732 415 et
768 379 1053 432 posteaquam
1096 371 1358 419 transierunt
1381 411 1393 432 ,

7 441 222 495 xaudirent
243 438 551 485 honorandum
570 449 737 502 patrem
759 449 801 484 et
819 449 1003 484 matrem
1019 475 1030 495 ,
1057 455 1147 484 non
1169 443 1399 488 moechan-

8 512 145 567 dum,
169 526 258 555 non
280 509 587 565 occidendum,
620 519 662 554 et
679 518 837 555 caetera
856 508 988 554 bonae
1006 518 1135 572 atque
1158 509 1404 559 innocentis

6 604 7 607 ¹
24 579 354 628 conversationis
371 579 592 625 humanae.

85 651 225 699 XVII.
268 650 316 696 Si
349 667 448 710 ergo
484 650 544 695 ita
583 650 768 714 quisque
797 650 944 696 veniat
978 649 1034 694 ad
1069 650 1205 695 sancti
1242 649 1405 697 lavacri

6 722 291 786 petitionem,
331 730 381 765 ut
405 721 664 783 profiteatur
689 736 731 765 se
751 720 806 764 ab
829 718 1050 764 idolorum
1075 719 1297 765 sacrificiis
1316 737 1406 766 non

23 808 306 846 recessurum,
339 791 422 836 nisi
445 790 557 837 forte
581 801 728 854 postea
753 789 933 854 quando
955 789 1171 853 placuerit
1188 828 1198 847 ,
1241 791 1412 854 baptis--

23 880 143 909 mum
169 873 312 907 tamen
333 864 424 920 jam
443 864 625 925 jamque
646 861 870 924 deposcat,
894 859 1194 922 templumque
1219 860 1300 905 Dei
1317 860 1406 906 vivi

23 948 64 979 se
82 932 175 977 fieri
200 930 381 990 flagitet,
402 948 491 975 non
511 931 650 977 solum
669 930 811 975 cultor
833 929 1051 976 idolorum
1064 966 1075 985 ,
1108 946 1258 975 verum
1276 930 1408 975 etiam

4 1002 67 1047 'in
106 1001 251 1064 aliquo
276 1011 364 1046 tam
388 999 553 1045 nefario
578 1000 818 1046 sacerdotio
846 1016 1146 1062 perseveran83
1177 1016 1327 1062 quaero
1353 999 1417 1045 ab·

3 1085 5 1106 ³
24 1071 113 1117 istis
131 1080 279 1116 utrum
294 1085 394 1116 eum
413 1068 663 1114 faciendum
684 1068 752 1114 vel
780 1069 1145 1114 catechumenum
1175 1079 1376 1115 censeant
1396 1086 1414 1115 z>

3 1140 143 1204 :quod
164 1138 323 1203 procul
351 1138 490 1182 dubio
523 1138 615 1183 fieri
651 1155 739 1183 non
767 1138 924 1184 debere
955 1139 1224 1186 clamabunt.
1257 1140 1415 1202 Neque*

2 1211 139 1273 ¹¹enim
165 1207 285 1254 aliud
317 1206 370 1252 de
400 1206 578 1252 illorum
615 1207 746 1253 corde
779 1208 1056 1254 sentiendum
1085 1220 1160 1255 est.
1204 1208 1414 1254 Reddant

28 1281 171 1343 itaque
212 1277 424 1324 rationem
470 1277 711 1323 secundum
751 1279 998 1324 testimonia
1045 1279 1374 1341 Scripturarum
1396 1316 1410 1329 ,

0 1375 3 1414 ²:
28 1365 127 1413 quae
145 1349 205 1394 sic
219 1346 498 1406 intelligenda
513 1358 691 1410 putant,
712 1365 799 1411 quo
814 1348 946 1393 modo
966 1348 1073 1394 huic
1096 1348 1282 1393 audeant
1301 1365 1415 1393 eon-

0 1427 3 1465 ἰ
30 1419 255 1475 tradicere,
283 1435 362 1464 nec
381 1418 701 1465 admittendum
722 1437 808 1465 esse
830 1420 1091 1465 confirment
1109 1418 1416 1464 reclamantem

32 1502 157 1553 atque
175 1489 391 1535 dicentem
418 1506 429 1533 :
459 1489 608 1535 Didici
633 1500 675 1534 et
691 1506 872 1536 veneror
892 1489 1120 1534 Christum
1142 1489 1418 1542 crucifixum,

33 1559 160 1605 credo
195 1558 356 1604 Filium
385 1558 465 1603 Dei
498 1575 584 1603 esse
619 1559 847 1604 Christum
873 1559 1051 1612 Jesum3
1078 1575 1168 1603 non
1204 1575 1272 1604 me
1304 1559 1419 1605 ultra

0 1676 2 1687 ‚
33 1630 219 1686 differas,
244 1628 358 1674 nihil
390 1628 578 1691 amplius
596 1632 689 1688 jam
716 1630 923 1693 requiras.
960 1630 1080 1686 Quos
1112 1646 1190 1692 per
1214 1631 1419 1689 Evange-

33 1700 143 1746 lium
173 1699 404 1759 generabat
432 1700 685 1762 Apostolus,
712 1700 825 1745 nihil
852 1717 922 1745 eos
948 1717 1070 1745 nosse
1095 1710 1200 1745 tunc
1233 1700 1423 1763 amplius

0 1796 1 1833 ᾗ
38 1786 167 1834 quam
190 1768 416 1814 Christum
441 1770 697 1815 crucifixum
719 1769 919 1825 volebat3
945 1781 1045 1834 post
1063 1787 1215 1816 vocem
1240 1770 1419 1833 Spado-

0 1844 1 1866 ³
38 1841 121 1896 nis,
147 1856 233 1903 qua
250 1856 292 1884 se
308 1839 482 1885 credere
506 1840 655 1886 Jesum
680 1840 912 1886 Christum
943 1841 1103 1886 Filium
1129 1841 1210 1886 Dei
1228 1858 1314 1886 esse
1334 1858 1419 1886 res-

39 1909 212 1974 pondit,
236 1910 443 1955 continuo
474 1910 712 1974 Philippus
732 1927 831 1956 eum
858 1911 1084 1974 baptizare
1100 1928 1189 1956 non
1209 1910 1378 1956 distulit
1401 1928 1412 1956 ε

43 1980 150 2043 quid
170 1996 237 2025 me
260 1980 317 2024 ab
341 1979 561 2025 idolorum
579 1980 703 2025 cultu
726 1981 938 2043 prohibes
952 2018 963 2036 ‚
1000 1997 1080 2025 nec
1105 1980 1158 2024 ad
1179 1997 1424 2026 sacramen-

43 2060 138 2096 tum
167 2049 332 2095 Christi
349 2049 541 2095 admittis
560 2086 571 2105 ,
598 2050 720 2112 prius
741 2065 873 2112 quam
891 2049 993 2094 inde
1016 2049 1277 2095 discessero?
1302 2049 1421 2096 Illud

47 2138 69 2165 a
93 2121 279 2184 pueritia
302 2119 464 2175 didici,
501 2119 812 2165 consuetudine
844 2120 908 2165 ibi
944 2119 1191 2179 gravissima
1213 2137 1418 2182 premor:

45 2189 200 2236 faciam
231 2207 332 2236 cum
349 2200 552 2253 potuero,
585 2207 686 2236 cum
712 2190 995 2236 commodum
1019 2189 1175 2243 fuerit3
1202 2190 1322 2253 quod
1344 2190 1423 2235 etsi

48 2277 137 2307 non
164 2260 344 2316 faciam,
381 2277 470 2305 non
494 2271 640 2306 tamen
675 2261 764 2306 sine
797 2260 960 2307 Christi
1002 2270 1268 2305 sacramento
1303 2260 1421 2306 hanc

49 2332 182 2379 vitam
204 2331 356 2376 finiam
373 2367 384 2387 ‚
407 2348 461 2376 ne
478 2331 593 2376 Deus
613 2330 749 2390 exigat
771 2330 959 2376 animam
980 2347 1120 2376 meam
1144 2329 1198 2375 de
1221 2330 1423 2376 manibus

50 2403 148 2450 tuis.
176 2400 297 2458 Quid
318 2401 426 2447 huic
449 2400 804 2464 respondendum
824 2401 1100 2447 existimant?
1130 2400 1196 2445 An
1216 2399 1360 2463 placet
1376 2410 1424 2445 ut

55 2471 334 2518 admittatur?
367 2470 494 2516 Absit
522 2487 531 2515 :
567 2470 688 2516 nullo
721 2470 854 2516 modo
887 2469 1145 2517 crediderim
1177 2469 1222 2514 in
1256 2479 1425 2515 tantum

56 2558 125 2587 eos
154 2539 372 2605 progredi.
403 2540 524 2597 Quid
555 2557 654 2601 ergo
689 2541 1017 2605 respondebunt
1041 2541 1138 2586 haec
1174 2538 1353 2596 dicenti,
1388 2552 1430 2585 et

60 2609 235 2658 addenti
260 2609 383 2675 quod
411 2610 526 2660 nihil
541 2610 623 2658 sibi
640 2610 694 2658 de
716 2610 960 2660 idololatria
981 2607 1264 2673 relinquenda
1284 2609 1431 2658 saltem
