1758 3246
368 319 422 348 nr,
460 318 581 347 BONO
616 316 893 355 VlDUiTsslS,
931 318 1018 347 mn.
1064 321 1090 348 ι.
1331 304 1423 350 353

51 384 213 446 jugali,
254 395 295 428 et
333 383 379 428 in
407 381 488 427 alio
505 382 619 428 libro
639 382 692 428 de
715 392 862 427 sancta
878 381 1153 439 Virginitate3
1174 393 1216 427 et
1238 382 1283 427 in
1302 399 1431 446 opere

56 453 177 517 quod
206 452 407 498 adversus
440 453 649 496 Faustum
678 450 973 495 Maniehaeum
1007 461 1170 513 quanto
1210 453 1433 513 potuimus

57 523 205 568 labore
228 520 561 583 conscripsimus
599 538 609 564 :
647 520 853 583 quoniam
880 519 1235 565 Patriarcharum
1257 532 1298 565 et
1320 522 1433 566 Pro-

56 593 292 656 phetarum
329 600 445 636 casta
479 590 682 649 conjugia
719 588 1044 634 mordacissime
1073 589 1434 651 reprehendendo

58 662 230 724 scriptis
251 661 358 715 suis,
385 660 677 723 quorumdam
697 659 978 706 indoctorum
1004 658 1169 704 animos
1195 677 1218 704 a
1242 659 1345 704 fidei
1366 677 1436 704 sa-

58 733 191 778 nitate
210 730 400 777 detorsit.

121 804 217 850 XX.
259 801 443 848 Proinde
466 801 674 864 quoniam
697 801 743 845 in
760 800 932 846 exordio
958 801 1089 860 l‘iujus
1110 802 1328 863 Opusculi
1342 801 1432 846 duo

57 872 258 937 quaedam
277 871 511 917 necessaria
535 887 848 934 proposueram
861 908 872 927 ,
889 881 932 916 et
950 870 1196 934 exequenda
1212 871 1434 934 pollicitus

59 959 198 995 cram3
218 958 356 987 unum
375 941 495 1004 quod
512 940 565 985 ad
583 940 828 986 doctrinam
845 977 856 996 ‚
877 941 1059 986 alterum
1081 940 1199 1003 quod
1221 940 1274 986 ad
1291 942 1443 987 exhor-

61 1014 266 1059 tationem
282 1012 471 1075 pertinet
488 1031 500 1065 ;
525 1022 567 1056 et
585 1011 722 1074 priori
740 1012 852 1074 parti
872 1048 883 1067 ‚
905 1012 1093 1074 utpotui
1108 1048 1119 1067 ,
1142 1029 1223 1074 pro
1242 1022 1443 1075 suscepto

62 1082 233 1142 negotio
257 1099 346 1127 non
367 1081 483 1126 defui
513 1099 522 1125 ε
551 1081 606 1126 ad
627 1081 970 1126 exhortationem
987 1081 1228 1137 veniamus,
1254 1093 1301 1127 ut
1324 1082 1445 1144 quod

63 1153 230 1197 bonum
263 1150 501 1214 prudenter
532 1151 692 1205 scitur,
719 1150 849 1195 etiam
873 1150 1078 1209 diligatur
1101 1151 1314 1198 ardenter.
1347 1152 1447 1207 Qua

28 1254 30 1256 r
62 1222 108 1267 in
134 1239 179 1267 re
206 1221 328 1284 prius
358 1221 468 1266 illud
494 1237 672 1275 moneo,
697 1231 744 1264 ut
763 1230 1166 1282 quantamcumque
1203 1221 1287 1265 tibi
1310 1222 1445 1266 inesse

63 1291 192 1336 sentis
216 1291 301 1352 piae
322 1288 602 1333 continentiae
616 1288 910 1342 dilectionem,
932 1287 1145 1334 beneficio
1163 1289 1243 1333 Dei
1257 1290 1444 1345 tribuas,

62 1361 186 1423 eique
205 1359 360 1419 gratias
387 1375 482 1416 agas
501 1394 512 1413 ,
534 1357 678 1420 quide
695 1357 863 1420 Spiritu
881 1373 958 1402 suo
971 1357 1054 1403 tibi
1078 1369 1244 1403 tantum
1263 1359 1441 1418 largitus

63 1440 125 1475 est
142 1465 154 1485 ‚
174 1439 222 1474 ut
239 1433 330 1487 ejus
347 1428 392 1473 in
413 1426 544 1472 corde
563 1437 638 1472 tuo
658 1427 871 1472 charitate
885 1426 1041 1472 diffusa
1054 1464 1064 1483 ,
1084 1428 1218 1473 licitae
1231 1429 1293 1473 rei
1314 1429 1446 1474 licen-

64 1499 168 1544 tiam
193 1497 276 1543 tibi
300 1514 420 1542 amor
442 1496 632 1542 melioris
658 1497 766 1541 boni
791 1495 988 1542 auferret.
1022 1497 1215 1543 Donavit
1251 1499 1365 1543 enim
1395 1517 1447 1545 ne

65 1569 220 1614 liberet
238 1567 405 1612 nubere
427 1582 529 1611 cum
548 1565 696 1611 liceret
717 1603 728 1622 ,
756 1577 804 1610 ut
819 1569 912 1624 jam
931 1582 1019 1611 non
1035 1565 1182 1611 liceret
1201 1567 1367 1612 etiamsi
1389 1569 1447 1614 li-

64 1639 188 1684 beret
208 1658 220 1691 ;
248 1648 290 1682 et
312 1653 359 1681 ex
383 1636 470 1681 hoc
488 1636 656 1680 firmius
678 1652 765 1680 non
787 1635 942 1680 liberet
964 1672 975 1691 ,
1002 1652 1054 1680 ne
1078 1636 1199 1681 fieret
1216 1636 1337 1700 quod
1358 1655 1447 1684 non

65 1709 242 1763 liceret,
269 1706 389 1770 quod
408 1705 576 1751 facturn
599 1723 687 1750 non
703 1717 765 1750 est
783 1706 911 1750 etiam
932 1722 1033 1750 cum
1050 1705 1200 1751 liceret
1223 1725 1234 1752 :
1258 1718 1447 1754 tantum-

66 1795 150 1842 que
167 1777 388 1823 merereris
410 1775 542 1822 vidua
571 1776 764 1831 Christi,
793 1787 842 1820 ut
871 1775 1038 1820 filiaml
1074 1793 1248 1839 quoque
1282 1778 1448 1826 videres

66 1849 277 1908 virginem
302 1846 468 1892 Christi
495 1863 506 1891 :
537 1845 644 1890 dum
668 1846 782 1890 enim
810 1857 856 1891 tu
888 1863 982 1891 oras
1005 1846 1117 1891 sicut
1140 1848 1291 1902 Anna²
1333 1848 1449 1895 facta

68 1929 132 1964 est
152 1918 227 1963 illa
251 1916 372 1979 quod
394 1915 546 1961 Maria.
595 1915 703 1960 Haec
726 1914 843 1960 dona
877 1916 957 1960 Dei
995 1932 1080 1960 esse
1113 1927 1278 1978 quanto
1313 1920 1447 1978 magis

68 1988 180 2033 nosti
203 2024 214 2043 ‚
241 1996 363 2032 tanto
386 1985 521 2044 magis
547 2000 588 2029 es
610 1983 769 2029 eisdem
791 1984 916 2029 donis
929 1985 1056 2030 beata
1081 2003 1091 2029 :
1114 1985 1203 2031 imo
1221 1987 1345 2033 aliter
1358 2006 1445 2034 non

69 2075 137 2113 es,
167 2056 250 2101 nisi
272 2054 393 2118 quod
420 2054 558 2099 hahes
588 2054 704 2098 noris
733 2072 757 2099 a
783 2071 870 2117 quo
897 2055 1076 2100 habeas.
1108 2056 1293 2101 Attende
1329 2059 1445 2104 enim

70 2126 178 2190 quid
196 2126 250 2171 de
267 2126 353 2170 hac
373 2141 418 2169 re
433 2123 664 2187 Apostolus
680 2123 786 2169 dixit
806 2142 816 2168 :
839 2145 858 2164 α
871 2125 958 2169 Nos
975 2135 1120 2170 autem
1138 2143 1226 2171 non
1243 2128 1446 2190 spiritum

70 2218 91 2238 ›>
116 2196 250 2255 huJ'us
273 2194 430 2240 mundi
455 2194 702 2256 accepimus
720 2231 731 2249 ,
762 2194 835 2239 sed
855 2194 1068 2256 Spiritum
1089 2196 1165 2258 qui
1184 2213 1230 2241 ex
1251 2198 1340 2243 Deo
1356 2210 1443 2250 est;

71 2287 94 2308 η
116 2276 164 2312 ut
179 2265 363 2311 sciamus
377 2280 476 2327 quae
489 2281 512 2308 a
526 2264 617 2308 Deo
635 2263 794 2308 donata
808 2275 906 2309 sunt
920 2264 1088 2311 nobis2.
1100 2287 1120 2306 ›>
1135 2266 1263 2312 Multi
1279 2269 1445 2331 quippe

69 2335 238 2381 hahent
259 2333 399 2379 multa
425 2333 505 2378 Dei
522 2332 636 2378 dona
649 2370 659 2388 ‚
680 2344 723 2377 et
739 2333 967 2379 nesciendo
988 2352 1011 2379 a
1031 2351 1118 2397 quo
1138 2335 1304 2381 hahent
1325 2374 1336 2387 ,
1355 2338 1444 2383 im-

71 2404 145 2468 pia
168 2403 355 2450 vanitate
376 2406 613 2462 jactantur.
644 2403 780 2448 Nemo
794 2414 855 2448 est
875 2414 1015 2448 autem
1030 2403 1154 2450 donis
1174 2406 1252 2450 Dei
1269 2406 1439 2462 beatus,

72 2475 151 2538 qui
175 2473 355 2519 donanti
377 2473 516 2517 existit
532 2473 738 2531 ingratus.
770 2473 884 2529 Quia
903 2484 945 2519 et
965 2473 1075 2519 illud
1096 2475 1215 2536 quod
1237 2476 1350 2521 inter
1372 2493 1444 2522 sa-

74 2560 149 2589 cra
171 2542 373 2606 mysteria
392 2558 467 2588 cor
482 2542 645 2588 habere
662 2559 830 2589 sursum
846 2543 1070 2604 J'ubemur,
1093 2545 1188 2608 ipso
1211 2544 1444 2607 adJuvante

123 2627 132 2645 ¹
148 2622 392 2656 Demetriadem.
411 2641 453 2648 --
467 2622 482 2644 ‘²
504 2634 515 2654 1
535 2625 608 2656 Cor.
627 2635 666 2656 11.
690 2635 742 2657 η,

207 2690 384 2720 cxxxm.
1255 2678 1311 2726 23
