1758 3246
355 247 410 274 DE
447 246 595 277 AGONE
634 245 924 284 CHRISTIANO,
964 246 1048 276 LIB.
1101 247 1134 275 1.
1333 245 1422 292 207

51 319 166 365 rant,
193 308 280 354 sive
299 308 417 372 quod
439 324 481 353 56
512 307 742 353 credidisse
768 307 1087 355 simulaverant.
1119 309 1207 353 Hos
1231 307 1423 353 Ecclesia

52 377 269 423 catholica
310 387 503 422 materno
539 376 703 440 recepit
727 376 851 432 sinu,
885 387 1091 438 tanquam
1114 378 1291 422 Petrum
1326 388 1425 441 post

51 447 200 492 fletum
219 445 451 506 negationis
478 463 594 509 per„
573 445 673 492 Ualli
708 457 887 491 cantum
907 445 1210 499 admonitum,
1231 459 1305 492 aut
1326 459 1424 493 tan-

51 533 184 581 quam
207 515 405 562 eumdem
421 526 519 579 post
535 533 715 579 pravam
730 515 1048 561 simulationem
1073 515 1199 560 Pauli
1214 533 1236 561 v
1243 533 1318 561 oce
1328 534 1425 562 601-

0 614 3 635 1
51 597 233 632 rectum.
259 585 384 630 Hanc
404 584 627 631 illimatris
649 585 909 631 charitatem
927 585 1113 649 superbe
1132 585 1422 648 accipientes,

0 688 3 706 2
53 666 94 700 et
122 654 254 730 impie
280 653 672 716 reprehendentes,
699 655 802 717 quia
834 655 964 700 Petro
1003 664 1105 717 post
1125 653 1225 714 galli
1249 665 1427 701 cantum

1 745 4 750 ⁴
52 724 244 784 surgenti
276 740 366 768 non
389 724 592 784 gratulati
626 736 726 770 sunt
744 724 786 782 ¹,
804 742 906 771 cum
940 724 1169 781 luciferO,
1199 725 1275 787 qui
1304 742 1429 770 mane

0 805 2 856 ζ
53 794 274 841 oriebatur
298 794 315 821 2
334 831 345 851 ‚
373 794 526 840 cadere
546 806 808 842 meruerunt.

117 863 327 909 XXXIII.
370 864 460 909 Nee
496 881 565 911 eos
600 864 855 922 audiamus,
898 864 975 927 qui
1010 875 1166 924 negant
1193 864 1431 911 Ecclesiam

0 928 2 999 ἰ
54 934 135 979 Dei
157 932 303 977 omnia
321 943 502 995 peccata
521 951 643 997 posse
676 934 908 982 dimittere.
950 936 1102 997 ltaque
1128 935 1296 991 miseri,
1323 934 1431 980 dum

0 1003 1 1052 J
52 1003 99 1049 in
121 1003 251 1047 Petro
266 1013 434 1065 petram
460 1020 549 1048 non
570 1003 842 1064 intelligunt,
866 1015 909 1050 et
937 1003 1094 1050 nolunt
1115 1004 1289 1051 credere
1312 1005 1434 1051 datas

0 1087 1 1094 ¹
55 1071 261 1119 Ecclesiae
306 1072 445 1118 claves
476 1075 594 1133 regni
627 1074 841 1120 coelorum
857 1112 869 1131 ,
907 1074 993 1138 ipsi
1026 1092 1097 1120 eas
1134 1075 1188 1120 de
1229 1076 1432 1122 manibus

0 1138 1 1175 Ῑ
56 1143 304 1190 amiserunt.
336 1144 411 1188 Isti
431 1154 531 1189 sunt
566 1145 641 1207 qui
669 1144 848 1201 viduas,
875 1145 909 1189 si
945 1144 1190 1207 nupserint,
1225 1156 1434 1208 tanquam

0 1256 1 1261 ,
56 1213 273 1260 adulteras
295 1212 528 1270 damnant,
562 1225 605 1259 61
630 1231 759 1278 super
792 1214 1037 1260 doctrinam
1081 1215 1362 1277 apostolicam
1392 1233 1434 1260 se

54 1283 299 1348 praedicant
316 1300 402 1328 esse
423 1284 673 1330 mundiores
702 1285 734 1332 3.
764 1285 854 1341 Qui
877 1301 1036 1330 nomen
1061 1302 1189 1330 suum
1215 1286 1249 1330 si
1277 1285 1433 1332 vellent

58 1369 302 1413 agnoscere,
332 1353 576 1399 mundanos
596 1371 637 1399 se
660 1355 809 1417 potius
831 1371 963 1417 quam
992 1354 1179 1399 mundos
1207 1367 1428 1402 vocarent.

57 1422 261 1468 Nolentes
278 1423 392 1467 enim
400 1459 410 1479 ,
439 1423 473 1469 si
492 1425 787 1487 peccaverint,
815 1424 1000 1483 corrigi,
1027 1423 1140 1469 nihil
1159 1423 1278 1469 aliud
1295 1425 1437 1485 elege-

57 1503 178 1549 runt,
195 1493 278 1538 nisi
289 1510 391 1538 cum
405 1493 492 1538 hoc
515 1493 681 1539 mundo
704 1494 916 1540 damnari.
944 1495 1056 1538 [Nam
1078 1494 1240 1557 quibus
1264 1496 1435 1541 veniam

57 1573 342 1627 peccatorum
366 1574 554 1623 negant,
576 1581 664 1609 non
682 1581 752 1609 eos
777 1564 923 1627 aliqua
942 1563 1122 1608 sanitate
1150 1564 1407 1610 custodiunt
1422 1602 1434 1622 ,

59 1632 134 1678 sed
160 1633 286 1692 aegris
301 1633 571 1678 subtrahunt
593 1633 881 1687 medicinam3
904 1644 946 1679 et
967 1633 1121 1679 viduas
1138 1651 1235 1679 suas
1269 1636 1338 1680 uri
1358 1653 1438 1681 60-

60 1713 184 1763 gunt,
200 1720 308 1766 quas
325 1703 488 1748 nubere
511 1721 599 1749 non
617 1705 892 1767 permittunt.
914 1705 1014 1750 Non
1038 1704 1152 1749 enim
1171 1704 1435 1768 prudentio-

60 1791 123 1820 res
146 1773 343 1820 habendi
372 1785 497 1831 sunt,
538 1792 671 1838 quam
694 1775 857 1822 Paulus
901 1775 1144 1839 apostolus,
1181 1777 1256 1839 qui
1287 1777 1441 1823 maluit

60 1862 128 1891 eas
153 1846 334 1902 nubere,
364 1862 494 1908 quam
513 1847 581 1892 uri
598 1846 631 1894 4.

125 1916 327 1962 xxxiv.
356 1917 445 1961 nec
458 1933 528 1961 eos
550 1916 776 1962 audiamus
794 1954 805 1973 ,
828 1917 905 1979 qui
919 1917 1061 1962 carnis
1082 1918 1439 1963 resurrectionem

65 1985 258 2032 futuram
296 1997 484 2045 negant,
511 1997 552 2032 et
582 1997 927 2032 commemorant
960 1986 1081 2048 quod
1121 1987 1180 2031 ait
1219 1988 1439 2050 apostolus

61 2056 244 2102 Paulus:
266 2078 285 2097 c<
310 2059 422 2102 Caro
436 2067 479 2102 et
496 2057 669 2116 sanguis
690 2074 870 2116 regnum
893 2057 972 2101 Dei
988 2074 1077 2101 non
1091 2057 1405 2120 possidebunt:
1423 2082 1442 2100 ))

63 2145 149 2173 non
162 2127 444 2186 intelligentes
454 2127 575 2190 quod
591 2128 683 2191 ipse
697 2127 807 2172 dicit
824 2126 1083 2189 Apostolus:
1102 2150 1121 2168 1(
1143 2128 1331 2190 Oportet
1348 2146 1441 2174 cor-

65 2220 86 2241 »
109 2199 319 2261 ruptibile
351 2199 438 2244 hoc
459 2198 638 2244 induere
665 2198 1057 2260 incorruptionem,
1086 2208 1128 2242 et
1155 2199 1334 2244 mortale
1352 2201 1440 2245 hoc

62 2291 85 2313 »
101 2270 280 2315 induere
294 2269 667 2314 immortalitatem
686 2269 718 2314 5.
739 2292 757 2310 υ
784 2271 899 2314 Cum
916 2268 1030 2313 enim
1046 2268 1132 2314 1106
1157 2268 1325 2315 factum
1338 2271 1438 2317 fue-

64 2341 138 2396 rit,
170 2345 263 2400 jam
292 2358 380 2385 non
399 2341 481 2385 erit
499 2357 599 2385 caro
636 2350 677 2384 et
719 2340 913 2399 sanguis,
959 2338 1032 2384 sed
1051 2339 1224 2386 coeleste
1260 2358 1432 2405 corpus,

67 2411 199 2468 Quod
217 2422 258 2456 et
281 2411 489 2456 Dominus
504 2411 744 2473 promittit,
762 2426 863 2455 cum
882 2409 1016 2454 dicit:
1040 2430 1061 2450 «
1077 2411 1227 2473 Neque
1248 2412 1434 2470 nubent,

67 2502 88 2524 ›>
114 2497 254 2544 neque
276 2498 422 2526 uxores
445 2481 625 2537 ducent,
643 2480 716 2526 sed
734 2490 860 2526 erunt
881 2478 1069 2543 aequales
1084 2480 1255 2539 Angelis
1270 2482 1392 2531 Deiss.
1418 2505 1438 2526 »

118 2569 127 2591 ¹
150 2568 268 2601 Mauh.
297 2580 384 2605 xxvi,
405 2571 458 2609 75.
490 2587 529 2593 --
557 2568 664 2602 21521.
690 2581 757 2608 xxv,
789 2580 841 2600 12.
863 2585 908 2592 —
929 2564 942 2589 3
962 2578 975 2598 1
996 2568 1078 2600 Tim.
1094 2580 1126 2612 v,
1158 2576 1211 2608 14.
1230 2587 1271 2594 —
1292 2567 1306 2592 ⁴
1329 2581 1341 2602 ι
1364 2572 1440 2608 Cor.

69 2632 140 2661 vu,
161 2632 251 2665 9.-
269 2619 281 2643 5
303 2632 314 2652 1
348 2623 420 2655 Cor.
455 2633 527 2661 xxv,
556 2624 678 2659 50-53,
699 2636 737 2643 ·-
759 2620 773 2643 6
792 2621 913 2653 Matth.
940 2630 1022 2658 xxxx,
1050 2622 1102 2656 30.
