1758 3246
276 329 368 377 552
697 348 731 378 s.
775 345 1017 378 aueusrnu
1051 343 1252 376 Eriscom

276 411 479 475 placeant
511 410 582 457 cui
622 428 664 457 se
696 412 1017 475 probaverunt,
1052 427 1154 456 cum
1191 412 1251 457 ita
1279 411 1451 472 vigeant
1481 412 1647 459 viribus

277 482 472 544 corporis
494 492 535 528 et
550 482 792 543 integritate
815 481 1074 530 valetudinis
1090 519 1101 538 ,
1130 493 1178 528 ut
1201 500 1287 528 non
1308 482 1443 528 solum
1461 484 1643 540 erudiri,

276 551 349 596 sed
374 552 499 597 etiam
524 552 763 598 secundum
789 552 1041 616 Apostolum
1064 553 1234 615 operari
1250 553 1442 616 possint,
1462 555 1647 616 exceptis

274 623 456 669 istorum
491 623 634 669 otiosis
657 624 958 687 corruptisque
985 623 1281 679 sermonibus,
1315 640 1422 687 quos
1450 624 1647 683 judicare

274 710 354 757 per
371 693 622 756 imperitum
639 693 903 756 tyrocinium
924 711 1011 739 non
1027 693 1214 749 valeant,
1231 693 1277 739 in
1295 694 1488 740 eamdem
1502 693 1646 740 labem

275 762 473 827 pestifera
494 764 749 824 contagione
770 774 995 809 mutantur
1023 781 1033 809 :
1055 780 1144 813 non
1163 763 1301 809 solum
1325 781 1413 809 11011
1431 765 1647 810 imitantes

277 835 567 881 obedientiam
597 845 846 881 sanctoruni
876 835 1020 898 quiete
1059 835 1356 899 operantium,
1389 846 1432 880 et
1464 836 1646 881 aliorum

276 904 633 950 monasteriorum
650 904 695 950 in
716 904 999 950 saluberrima
1021 904 1250 967 disciplina
1269 905 1506 951 secundum
1525 922 1646 968 apos-

276 974 450 1020 tolicam
476 992 674 1020 normam
700 975 939 1021 viventium
955 1012 965 1031 ,
990 974 1062 1020 sed
1079 975 1206 1021 etiam
1226 975 1478 1021 insultantes
1501 975 1648 1020 melio-

276 1045 423 1092 ribus.
462 1056 672 1108 tanquam
708 1045 1063 1092 conservatricem
1106 1045 1324 1105 Evangelii
1362 1046 1648 1109 praedicantes

275 1116 494 1179 pigritiam
511 1152 521 1172 ,
551 1126 756 1180 tanquam
782 1116 1177 1180 praevaricatricem
1207 1127 1454 1162 accusantes
1481 1117 1649 1162 miseri-

276 1185 485 1232 cordiam.
511 1186 652 1231 Multo
670 1187 783 1232 enim
803 1185 1123 1231 misericordius
1144 1197 1351 1249 operatur
1367 1204 1465 1247 erga
1483 1187 1649 1233 animas

276 1257 548 1302 infirmorum
566 1258 642 1320 qui
661 1258 790 1304 bonae
807 1257 936 1303 samee
953 1274 1171 1303 servorum
1191 1257 1271 1302 Dei
1290 1258 1495 1309 consulit,
1518 1275 1649 1320 quam

278 1344 376 1386 erga
402 1343 587 1390 corpora
612 1328 826 1386 egentium
855 1327 931 1390 qui
960 1343 1119 1390 panem
1151 1327 1438 1373 esurientibus
1468 1327 1642 1387 frangit.

279 1399 563 1460 Quapropter
584 1398 748 1442 utinam
774 1398 841 1443 isti
858 1398 935 1461 qui
957 1413 1112 1442 vacare
1133 1397 1287 1442 volunt
1305 1398 1531 1453 manibus,
1559 1415 1649 1442 om-

278 1468 381 1513 nino
402 1478 605 1513 vacarent
627 1478 669 1512 et
689 1468 860 1527 linguis„
891 1469 1038 1530 [Neque
1060 1467 1174 1512 enim
1197 1478 1282 1512 tam
1301 1467 1460 1514 multos
1484 1468 1538 1513 ad
1556 1468 1650 1513 imi-

281 1539 488 1583 tationem
514 1538 772 1593 invitarent,
813 1539 846 1583 si
874 1538 932 1583 eis
963 1555 1049 1583 non
1080 1548 1249 1584 tantum
1273 1538 1465 1602 exempla
1495 1538 1617 1602 pigra
1635 1575 1647 1595 ,

279 1608 351 1654 sed
371 1608 497 1653 etiam
521 1618 640 1654 muta
659 1619 965 1672 proponerent.

342 1679 525 1725 XXVII.
569 1679 697 1724 Nunc
717 1696 818 1724 vero
837 1689 988 1724 contra
1008 1678 1264 1742 Apostolum
1287 1678 1452 1724 Christi
1467 1679 1650 1725 recitant

280 1748 561 1807 Evangelium
589 1748 768 1795 Christi.
801 1750 868 1794 Ita
898 1750 1012 1794 enim
1040 1748 1259 1794 mirabilia
1291 1759 1390 1794 sunt
1422 1766 1552 1812 opera
1577 1749 1651 1813 pi-

280 1836 480 1879 grorum,
509 1829 558 1864 ut
580 1819 785 1881 impediri
817 1819 952 1865 velint
976 1818 1208 1878 Evangelio
1229 1856 1239 1873 ‚
1267 1818 1387 1882 quod
1419 1819 1651 1882 Apostolus

278 1889 376 1935 ideo
396 1889 607 1952 praecepit
621 1900 662 1934 et
678 1888 796 1944 fecit,
816 1906 869 1934 ne
886 1889 1170 1952 impediretur
1185 1889 1328 1952 ipsum
1347 1889 1644 1948 Evangelium.

280 1963 335 2005 Et
360 1971 500 2005 tamen
517 1960 551 2005 si
569 1977 639 2005 eos
655 1978 701 2005 ex
720 1961 821 2024 ipsis
842 1960 1063 2020 Evangelii
1081 1961 1223 2006 verbis
1245 1960 1404 2006 secund
1413 1977 1481 2005 um
1500 1977 1651 2006 eorum

278 2030 543 2076 intellectum
567 2031 708 2077 vivere
731 2048 932 2090 cogamus
948 2069 958 2087 ,
988 2031 1152 2094 priores
1176 2031 1301 2076 nobis
1325 2030 1500 2076 suadere
1523 2048 1650 2076 cona-

278 2101 468 2156 buntur,
509 2118 641 2164 quam
676 2119 764 2147 non
798 2102 857 2147 ita
895 2102 980 2147 sint
1003 2100 1280 2162 intelligenda
1305 2111 1353 2146 111
1382 2100 1642 2161 intelligunt.

281 2172 405 2217 Certe
424 2171 538 2216 enim
563 2182 793 2234 propterea
817 2189 858 2217 se
879 2171 1032 2218 dicunt
1055 2172 1222 2235 operari
1243 2188 1331 2216 non
1347 2171 1525 2227 debere,
1546 2171 1650 2234 quia

279 2258 359 2287 nec
386 2240 582 2286 volucres
616 2242 717 2287 coeli
753 2242 993 2299 seminant,
1024 2259 1162 2306 neque
1186 2252 1378 2297 metunt,
1406 2242 1459 2287 de
1487 2242 1649 2305 quibus

279 2312 404 2357 nobis
422 2312 635 2358 Dominus
656 2313 982 2359 similitudinem
1009 2313 1130 2360 dedit
1147 2351 1158 2370 ,
1183 2331 1237 2359 110
1255 2312 1308 2358 de
1324 2313 1483 2358 talibus
1507 2330 1648 2358 neces-

278 2383 397 2429 sariis
421 2383 672 2443 cogitemus.
705 2385 795 2430 Cur
814 2402 912 2445 ergo
931 2403 1018 2430 non
1040 2384 1270 2430 attendunt
1292 2383 1410 2447 quod
1427 2383 1648 2446 sequitur?

280 2454 429 2516 Neque
448 2454 562 2499 0111111
580 2456 886 2502 1311111111111οἀ0
903 2456 989 2502 1100
1011 2456 1179 2502 dictum
1197 2466 1284 2510 est,
1309 2454 1410 2518 quia
1431 2475 1451 2495 <c
1470 2454 1568 2500 Non
1587 2471 1648 2500 se-

281 2543 301 2564 »
318 2524 512 2580 minant,
540 2542 679 2588 neque
710 2537 879 2572 metunt
905 2545 916 2572 ε
945 2548 965 2568 >>
990 2526 1061 2572 sed
1095 2526 1311 2586 adjectum
1331 2536 1393 2570 est
1415 2543 1425 2570 :
1455 2546 1476 2566 «
1498 2526 1646 2589 Neque

280 2615 301 2636 »
320 2605 581 2655 congregant
600 2596 645 2642 in
663 2597 937 2661 apothecas1.
963 2620 983 2641 ›>
1007 2597 1247 2662 Apothecae
1266 2607 1426 2652 autem,
1451 2595 1518 2643 vel
1536 2595 1646 2642 hor-

329 2677 338 2699 ¹
361 2678 480 2713 Mauh.
500 2691 544 2711 vi.
568 2682 624 2715 26.
