1758 3246
344 313 398 341 ΒΕ
437 310 558 340 Bono
596 307 864 351 coxano-am,
903 311 990 341 Lm.
1036 314 1064 342 1.
1304 296 1398 359 259

21 380 213 425 omnium
232 378 496 443 populorum
512 413 524 433 ,
545 377 609 422 uti
622 377 820 422 debuisse
837 387 1005 422 sanctos
1027 378 1125 429 isto,
1150 394 1238 424 non
1257 396 1400 443 prop-

22 461 86 495 ter
107 468 149 495 se
169 447 403 512 expetendo
417 483 428 500 ‚
455 446 528 491 sed
549 456 731 510 propter
753 446 872 493 aliud
896 448 1135 492 necessario
1149 448 1266 494 bono
1281 466 1403 512 nup-

21 520 179 565 tiarum
205 538 216 564 ε
239 535 354 564 nunc
373 534 472 563 vero
489 534 591 562 cum
607 517 660 563 ad
678 517 915 563 ineundam
931 528 1127 563 sanctam
1138 528 1179 562 et
1191 519 1413 564 sinceram.

25 590 270 635 societatem
292 587 484 649 undique
502 603 550 631 ex
577 588 781 633 omnibus
808 588 1011 647 gentibus
1035 588 1164 650 copia
1198 588 1405 651 spiritalis

27 659 292 719 cognationis
307 658 532 711 exuberet,
559 658 688 702 etiam
706 668 888 720 propter
909 658 1019 704 solos
1048 659 1159 703 filios
1184 658 1406 703 connubia

28 729 233 791 copulare
247 728 493 790 cupientes,
523 738 572 772 ut
600 727 808 791 ampliore
831 728 1110 774 continentiae
1129 728 1246 772 bono
1265 727 1415 790 potius

29 809 208 844 utantur
235 797 499 843 admonendi
531 809 644 842 sunt.

102 870 162 915 X.
205 867 293 913 Sed
326 865 430 911 novi
470 866 548 928 qui
593 876 867 914 murmurent
895 884 906 911 ι
935 866 1055 922 Quid
1081 866 1115 912 si
1133 904 1143 922 ‚
1182 867 1415 931 inquiunt,

33 953 179 984 omnes
191 936 390 982 homines
407 935 538 981 velint
553 935 608 980 ab
623 935 740 980 omni
764 937 1004 982 concubitu
1023 938 1245 983 continere
1266 958 1277 992 ;
1303 938 1419 984 unde

34 1008 236 1053 subsistet
267 1023 399 1066 genus
432 1005 704 1051 humanum?
732 1006 910 1052 Utinam
945 1024 1091 1053 omnes
1115 1008 1201 1054 hoc
1225 1008 1387 1055 vellent
1406 1045 1417 1063 ‚

35 1077 242 1122 duntaxat
268 1077 314 1121 in
333 1076 544 1121 charitate
571 1075 624 1120 de
651 1075 781 1120 corde
805 1094 919 1139 puro
953 1087 996 1122 et
1019 1078 1283 1123 conscientia
1302 1079 1421 1121 bona

38 1158 81 1193 et
105 1146 195 1192 fide
214 1164 302 1192 non
322 1146 423 1190 ficta
437 1144 455 1174 1
484 1163 494 1190 ε
522 1145 659 1190 multo
684 1145 814 1189 citius
833 1147 911 1190 Dei
937 1147 1088 1191 civitas
1107 1146 1419 1208 compleretur,

40 1227 82 1262 et
107 1216 418 1262 acceleraretur
443 1215 650 1260 terminus
669 1214 963 1270 saeculi.Quid
984 1214 1098 1260 enim
1121 1215 1238 1261 aliud
1254 1215 1424 1261 hortari

41 1297 222 1349 apparet
267 1285 525 1347 Apostolum
545 1322 556 1340 ‚
605 1284 684 1329 ubi
728 1284 786 1329 ait
801 1320 812 1339 ‚
853 1301 954 1329 cum
998 1284 1099 1328 inde
1134 1283 1386 1347 loqueretur
1407 1301 1419 1329 ε

45 1356 239 1402 «Vellem
259 1371 407 1399 omnes
440 1370 525 1398 esse
554 1353 665 1397 sicut
695 1369 764 1397 me
789 1352 980 1414 ipsum2.
1007 1373 1028 1394 »
1074 1355 1162 1399 Aut
1180 1354 1255 1399 illo
1281 1354 1380 1400 loco
1407 1373 1420 1400 ε

0 1423 2 1500 b
45 1448 65 1468 α
92 1427 189 1471 Hoc
214 1437 357 1471 autem
379 1424 479 1469 dico
497 1461 508 1478 ,
533 1423 685 1468 fratres
703 1459 714 1478 ‚
741 1432 912 1486 tempus
935 1423 1067 1469 breve
1089 1435 1151 1469 θεῖ
1168 1461 1179 1480 ‚
1204 1425 1424 1488 reliquum

0 1503 3 1556 Ι
45 1517 66 1538 »
91 1507 152 1541 θεῖ
171 1506 220 1542 ut
242 1506 284 1541 et
306 1495 354 1540 hi
380 1494 457 1556 qui
486 1493 653 1538 habent
687 1509 834 1538 uxores
864 1503 1073 1556 tanquam
1107 1512 1195 1539 non
1214 1495 1426 1540 habentes

0 1560 5 1612 ἶ
46 1588 67 1608 ›>
92 1567 177 1611 sint
195 1603 206 1621 ‚
232 1576 275 1611 et
291 1565 369 1628 qui
392 1564 497 1609 flent
519 1573 728 1625 tanquam
753 1578 844 1607 non
871 1563 1019 1608 flentes
1039 1600 1050 1619 ,
1081 1575 1123 1609 et
1141 1565 1217 1627 qui
1235 1564 1425 1624 gaudent

2 1615 7 1681 l
45 1656 68 1678 ›>
90 1647 300 1699 tanquam
332 1652 420 1680 non
450 1633 683 1693 gaudentes
701 1670 712 1689 ‚
742 1643 782 1678 et
815 1634 890 1696 qui
914 1644 1065 1679 emunt
1093 1645 1301 1698 tanquam
1333 1653 1424 1681 non

4 1684 9 1767 1
45 1728 66 1749 »
91 1717 294 1761 ementes,
310 1716 351 1750 et
369 1705 445 1766 qui
466 1714 651 1749 utuntur
674 1704 761 1748 hoc
783 1703 948 1749 mundo
965 1714 1174 1767 tanquam
1188 1722 1276 1750 non
1297 1716 1424 1751 utan-

46 1798 68 1819 »
91 1787 175 1823 tur.
201 1775 523 1820 Praeteritenim
542 1775 682 1833 figura
691 1773 988 1832 hujusmundi
1006 1792 1016 1819 :
1032 1775 1131 1820 volo
1143 1792 1216 1820 vos
1230 1776 1318 1820 sine
1333 1775 1430 1821 sol-

6 1771 13 1904 l
48 1868 69 1890 »
93 1845 320 1892 licitudine
339 1862 439 1892 esse.
456 1866 476 1886 »
501 1843 669 1889 Deinde
685 1844 913 1904 subjungit
931 1862 941 1889 z
960 1865 982 1886 «
995 1846 1083 1901 Qui
1097 1846 1185 1891 sine
1197 1863 1325 1892 uxore
1343 1858 1424 1902 est,

0 1909 13 1969 ‚l
48 1941 68 1960 »
95 1919 256 1978 cogitat
268 1935 316 1962 ea
328 1934 428 1979 quae
450 1927 551 1963 sunt
562 1917 758 1971 Domini,
777 1917 999 1980 quomodo
1019 1917 1192 1980 placeat
1215 1918 1420 1964 Domino.

47 2010 68 2032 >>
97 1989 185 2045 Qui
203 1999 345 2033 autem
365 1987 641 2032 matrimonio
659 1990 920 2047 conjunctus
934 1998 1012 2043 θεῖ,
1037 1989 1198 2047 cogitat
1214 1998 1430 2052 quaesunt

47 2080 68 2101 ›2
94 2057 272 2114 mundi,
305 2056 527 2119 quomodo
559 2056 732 2119 placeat
766 2058 901 2104 uxori.
946 2059 1002 2102 Et
1030 2057 1168 2104 divisa
1189 2069 1252 2104 cst
1273 2058 1429 2104 mulier

48 2150 69 2172 »
94 2128 278 2191 innupta
302 2138 343 2171 et
363 2127 485 2185 virgo
513 2144 522 2171 :
548 2143 647 2189 quae
661 2127 847 2190 innupta
866 2137 928 2171 est
944 2163 955 2182 ‚
979 2126 1161 2173 sollicita
1183 2139 1247 2172 est
1262 2145 1309 2173 ea
1327 2145 1430 2190 quae·

47 2219 69 2241 >)
92 2208 192 2243 sunt
213 2196 391 2242 Domini
411 2233 422 2253 ‚
450 2207 498 2241 ut
516 2196 571 2241 sit
604 2207 750 2242 sancta
771 2207 812 2243 et
832 2214 1014 2260 corpore
1034 2207 1076 2242 et
1098 2198 1256 2260 spiritu
1283 2215 1294 2243 :
1329 2215 1429 2260 quae

49 2290 71 2311 »
94 2278 233 2314 autem
250 2278 390 2330 nupta
406 2277 491 2323 θεῖ,
509 2267 691 2312 sollicita
707 2279 768 2313 est
781 2285 880 2331 quae
897 2279 996 2313 sunt
1012 2269 1186 2324 mundi,
1207 2268 1429 2331 quomodo

49 2359 71 2380 ³>
92 2338 262 2399 placeat
280 2337 374 2384 viro
395 2336 427 2384 3.
452 2358 472 2378 ³>
505 2336 630 2382 Unde
648 2337 760 2383 mihi
778 2338 953 2384 videtur
975 2338 1062 2383 hoc
1093 2348 1288 2401 tempore
1314 2339 1428 2383 solos

50 2417 118 2452 eos
139 2405 215 2468 qui
236 2422 277 2450 se
294 2424 383 2453 non
406 2407 631 2453 continent
644 2444 656 2463 ,
689 2408 923 2468 conjugari.
937 2418 1137 2471 oportere
1150 2446 1161 2465 ‚
1188 2408 1429 2455 secundum

51 2476 167 2522 illam
185 2474 376 2534 ejusdem
400 2477 597 2537 Apostoli
621 2479 875 2524 sententiam
895 2496 906 2523 z
925 2499 944 2518 t‹
961 2478 1094 2534 Quod
1114 2478 1148 2523 si
1167 2495 1209 2523 se
1225 2495 1313 2523 non
1325 2495 1430 2524 con-

0 2547 2 2552 ’
54 2567 76 2589 »
96 2546 236 2599 tinent
249 2576 262 2601 ,
287 2545 485 2599 nubant3
509 2547 662 2591 melius
681 2559 743 2592 est
766 2549 881 2595 enim
899 2548 1064 2594 nubere
1081 2564 1212 2607 quam
1237 2549 1319 2595 uri.
1342 2569 1363 2589 >2
1428 2592 1433 2596 .

101 2627 114 2652 ¹
132 2638 144 2658 x
166 2626 251 2660 Tim.
272 2638 296 2665 1,
313 2627 345 2661 5.
365 2643 408 2651 —
429 2622 444 2647 2
465 2635 477 2656 1
501 2626 576 2672 Cor,
591 2635 757 2671 V¹127···
773 2623 788 2648 3
806 2624 891 2672 Ibld·
913 2624 1033 2664 29-34.

1232 2694 1300 2741 17,
