1758 3246
308 264 400 310 368
727 277 760 307 s,
805 276 1048 307 At‘Gcs'rr-xi
1084 278 1289 308 Ei‘iscort

306 358 453 387 earum
476 356 582 403 quas
608 339 663 385 ad
692 357 758 385 me
782 341 972 386 scribens
991 377 1001 395 ‚
1032 351 1236 403 tanquam
1260 341 1522 387 consulendo
1550 353 1670 388 trac-

308 409 429 465 tasti,
449 409 569 472 quod
595 410 655 454 ait
683 409 916 472 Apostolus
937 427 947 454 ε
977 409 1095 454 «His
1120 421 1261 456 autem
1286 412 1362 474 qui
1385 421 1484 455 sunt
1500 411 1547 456 in
1569 427 1679 456 con-

307 500 329 521 »
344 481 466 539 jugio
504 480 738 542 praccipio,
769 497 855 525 non
890 496 965 538 ego
985 516 996 534 ,
1033 479 1105 524 scd
1139 482 1372 538 Dominus,
1402 480 1624 526 mulierem
1657 499 1680 526 a

311 571 332 591 ))
351 550 444 595 viro
467 567 556 595 non
579 549 798 594 discedere
813 586 823 605 ,
846 548 966 612 quod
991 548 1027 594 si
1048 549 1310 608 discesserit,
1337 568 1508 596 manere
1523 551 1684 614 innup-

310 640 332 662 »
352 630 439 665 tam
455 657 466 676 ‚
489 630 562 665 aut
583 619 676 665 viro
701 637 776 665 suo
806 619 1075 664 reconciliari
1094 656 1105 675 ,
1133 630 1174 664 et
1202 621 1268 666 vir
1292 638 1465 666 uxorem
1497 638 1587 666 non
1610 620 1683 665 di-

314 712 335 732 »
353 689 545 745 minati,
569 711 589 731 >2
629 700 775 734 utrum
809 690 868 734 ita
896 689 952 734 sit
983 689 1285 752 accipiendum
1303 728 1314 747 ,
1339 702 1387 736 ut
1410 709 1503 736 eam
1523 690 1683 754 prohi-

313 761 457 805 buisse
472 759 637 804 nubere
664 759 951 818 intelligatur‚
986 775 1085 822 quae
1111 760 1199 804 sine
1231 777 1357 806 causa
1389 758 1687 806 fornicationis
1738 799 1740 814 ³

317 830 508 876 discessit
535 847 557 874 a
574 829 696 882 vir03
723 828 768 874 id
793 829 906 873 enim
932 830 1062 873 sentis
1086 846 1096 873 z
1125 847 1177 874 an
1201 830 1312 875 sicut
1335 847 1413 888 ego
1433 829 1539 874 sensi
1562 829 1608 873 in
1629 828 1689 873 eis

316 899 440 944 libris
456 936 466 954 ‚
491 915 598 961 quos
623 908 720 943 ante
744 898 954 961 plurimos
984 915 1118 943 annos
1141 898 1195 944 de
1213 915 1404 944 sermone
1430 896 1690 956 Evangelico

318 968 496 1031 scripsi,
524 985 650 1031 quem
677 966 917 1013 secundum
943 967 1206 1013 Matthaeum
1237 968 1397 1014 habuit
1428 967 1625 1013 Salvator
1645 966 1692 1011 in

318 1048 487 1092 monte,
531 1036 626 1082 illas
658 1037 865 1100 innuptas
897 1054 1069 1083 manere
1098 1038 1382 1101 praeceperit,
1420 1053 1518 1100 quae
1544 1054 1566 1081 a
1590 1035 1693 1082 viris

319 1110 404 1155 suis
434 1125 482 1154 ea
507 1125 635 1153 causa
662 1108 913 1153 recesserint
943 1124 1042 1170 quae
1072 1108 1159 1153 sola
1186 1109 1392 1171 permissa
1419 1118 1507 1164 cst,
1531 1106 1578 1152 id
1600 1116 1661 1151 est
1678 1143 1689 1162 ‚
1746 1157 1751 1164 ,

319 1178 632 1225 fornicationis.
665 1177 848 1222 Videtur
867 1177 982 1222 enim
1009 1178 1091 1222 tibi
1116 1189 1222 1223 tunc
1239 1196 1264 1223 a
1285 1178 1378 1223 viro
1401 1176 1694 1222 discedentem

321 1248 546 1294 foeminam
569 1246 733 1291 nubere
767 1262 856 1290 non
891 1245 1047 1289 debere
1065 1282 1075 1293 ,
1111 1247 1144 1290 si
1170 1246 1289 1290 nulla
1308 1247 1390 1292 viri
1411 1245 1696 1291 fornicatione

324 1316 550 1380 compulsa
581 1314 832 1360 discesserit.
875 1316 965 1360 Nec,
1007 1314 1217 1371 attendis,
1253 1315 1287 1360 si
1321 1315 1485 1360 nullam
1510 1316 1577 1361 vir
1608 1319 1698 1373 ejus

325 1403 498 1434 causam
531 1384 829 1430 fornicationis
871 1384 1101 1440 habuerit,
1144 1402 1233 1429 non
1272 1402 1366 1429 eam
1409 1384 1699 1430 discedentem

325 1473 494 1504 manere
528 1455 791 1516 innuptam,
829 1452 902 1498 sed
939 1453 1115 1497 omnino
1153 1453 1370 1498 discedere
1399 1471 1487 1499 non
1523 1453 1692 1499 debere..

327 1528 437 1572 {Nam
465 1525 615 1586 utique
645 1523 717 1567 cui
749 1521 1034 1585 praecipitur,
1058 1531 1107 1566 ut
1134 1522 1167 1567 si
1192 1540 1214 1567 a
1245 1523 1338 1568 viro
1366 1523 1603 1569 discesserit
1629 1523 1699 1568 in-

324 1606 461 1660 nupta
487 1602 763 1657 permaneat,
790 1609 879 1637 non
903 1591 1153 1637 discedendi
1184 1593 1376 1638 aufertur
1402 1593 1604 1650 licentia,
1629 1592 1703 1638 sed

325 1664 536 1712 nubendi.
563 1661 694 1719 Quod
714 1662 747 1706 si
764 1661 822 1706 ita
840 1671 917 1717 est,
943 1660 1072 1706 datur
1089 1678 1188 1721 ergo
1206 1661 1381 1708 licentia
1397 1662 1588 1708 foeminis
1603 1679 1703 1726 quae
1757 1682 1758 1690 ¹

329 1736 597 1782 continentes
614 1749 699 1778 esse
722 1731 968 1788 voluerint,
997 1731 1168 1777 nullum
1201 1734 1456 1778 maritorum
1481 1743 1703 1796 expectare

332 1821 585 1852 consensum
604 1841 615 1860 ,
646 1813 695 1847 ut
713 1801 832 1864 quod
858 1800 1026 1846 dictum
1046 1812 1109 1846 est
1128 1820 1138 1846 ε
1168 1823 1188 1843 α
1213 1803 1438 1848 Mulierem
1462 1821 1486 1848 a
1505 1803 1596 1849 viro
1616 1820 1704 1848 non

332 1898 354 1919 ))
376 1874 594 1922 discedere
612 1909 622 1930 ,
645 1894 665 1914 ›>
689 1873 747 1917 eis
762 1882 1036 1935 praeceptum
1061 1889 1146 1916 csse
1164 1872 1362 1918 videatur
1380 1911 1390 1929 ,
1417 1889 1516 1936 quae
1533 1883 1707 1936 possent

334 1947 486 2006 eligere
504 1983 515 2000 ‚
543 1961 629 1989 non
659 1942 969 1988 continentiam
991 1979 1001 1997 ,
1029 1942 1102 1987 sed
1128 1943 1208 1987 tale
1229 1942 1468 1989 divortium
1487 1959 1576 2006 quo
1599 1943 1706 1988 lice-

335 2026 402 2062 ret
423 2015 481 2060 eis
500 2014 546 2059 in
566 2013 749 2058 aliorum
768 2012 943 2073 nuptias
963 2013 1204 2058 convenire.
1231 2012 1419 2058 Proinde
1437 2029 1536 2075 quae
1555 2011 1707 2057 dilexe-

335 2086 424 2131 rint
445 2083 616 2129 nullum
633 2079 874 2126 desiderare
895 2081 1183 2126 concubitum
1196 2119 1206 2137 ‚
1229 2081 1400 2127 nullum
1418 2081 1527 2127 serre
1545 2098 1708 2127 connu-

337 2155 461 2200 bium
478 2189 489 2208 ,
512 2151 664 2197 licebit
684 2150 742 2195 eis
760 2187 771 2205 ,
798 2151 911 2196 viros
930 2167 1028 2194 suos
1043 2151 1172 2196 etiam
1192 2152 1282 2196 sine
1300 2152 1389 2197 ulla
1411 2152 1708 2198 fornicationis

339 2240 466 2270 causa
488 2221 752 2283 relinquere,
782 2229 823 2264 et
846 2219 1053 2282 innuptas
1076 2221 1314 2266 secundum
1337 2221 1593 2284 Apostolum
1612 2238 1709 2285 per-

339 2289 524 2340 manere.
566 2292 623 2336 Et
657 2290 741 2335 viri
776 2289 970 2335 similiter
1008 2291 1245 2354 (quoniam
1281 2310 1361 2356 par
1395 2291 1535 2338 forma
1568 2301 1629 2337 est
1663 2292 1709 2336 in

339 2361 554 2425 utrisque)
596 2359 630 2405 si
662 2359 930 2404 continentes
963 2376 1048 2405 esse
1073 2360 1315 2414 voluerint3
1354 2362 1481 2407 etiam
1505 2360 1709 2405 uxoribus

337 2451 426 2481 non
459 2430 826 2478 consentientibus
862 2429 1056 2475 deserent
1092 2448 1185 2487 eas,
1228 2441 1270 2475 et
1301 2431 1390 2475 sine
1423 2430 1520 2475 ullis
1548 2430 1711 2493 nuptiis

336 2501 668 2569 permanebunt.
709 2501 833 2545 Tunc
871 2499 985 2544 enim
1020 2499 1102 2555 eis,
1141 2510 1188 2544 ut
1211 2509 1368 2562 putas,
1406 2497 1486 2545 alia
1510 2498 1712 2558 conjugia

388 2588 399 2609 ¹
423 2597 435 2617 x
457 2588 528 2616 Cor.
552 2593 609 2620 vn,
636 2592 684 2615 xo.
704 2591 754 2612 ιι,
