1758 3246
363 334 415 364 nn
451 332 589 365 ornan
625 334 954 377 nomenonii,
994 335 1079 368 un.
1122 337 1152 368 1.
1355 318 1448 377 545

93 420 114 441 n
137 415 264 462 super
300 398 575 444 inenarrabili
609 399 725 445 dono
758 400 888 461 eJus¹.
923 423 943 443 υ
978 402 1152 458 Quanta
1188 401 1449 464 pinguedine

92 480 249 516 sanctae
277 469 440 515 laetitiae
469 469 522 514 sit
552 470 745 533 perfusus
774 471 1021 534 Apostolus,
1052 472 1157 517 dum
1183 472 1376 535 loquitur
1398 471 1451 517 de

92 539 255 585 alterno
276 539 576 602 supplemento
593 540 841 600 indigentiae
861 541 1048 586 militum
1062 552 1103 586 et
1118 541 1451 603 provincialium

94 610 276 664 Christi,
297 609 402 654 binc
422 609 475 654 de
493 610 621 655 rebus
642 610 886 656 carnalibus
908 611 954 656 in
971 610 1085 666 illos,
1112 611 1212 656 inde
1237 621 1376 656 autem
1399 612 1452 656 de

92 679 356 743 spiritalibus
374 680 418 725 in
443 680 574 726 istos)
600 691 648 726 ut
672 681 943 738 exclamaret,
973 691 1016 726 et
1040 693 1246 744 tanquam
1277 692 1453 727 sancto-

93 767 188 796 rum
219 750 475 810 gaudiorum
505 750 648 809 sagina
676 761 905 808 eructaret,
938 751 1112 797 dicens:
1132 772 1152 791 ε(
1170 751 1340 797 Gratias
1363 753 1453 796 Deo

92 843 114 863 »
137 837 266 884 super
283 821 563 866 inenarrabili
586 821 701 867 dono
724 825 827 881 ejus.
854 843 876 864 >2

157 893 276 938 XIX.
319 891 443 937 Sicut
461 908 560 951 ergo
579 909 668 937 non
690 892 868 939 cessavit
887 891 1135 955 Apostolus,
1161 890 1249 936 imo
1270 891 1457 954 Spiritus

93 962 174 1007 Dei
196 961 415 1025 possidens
434 972 475 1006 et
490 962 673 1025 implens
693 973 734 1008 et
751 980 875 1023 agens
896 979 971 1007 cor
987 966 1094 1022 ejus,
1119 961 1333 1007 exhortari
1352 963 1457 1007 fide-

94 1033 152 1078 les
175 1033 250 1095 qui
271 1032 482 1077 haberent
498 1032 750 1091 hujusmodi
776 1033 1079 1087 substantiam,
1103 1042 1151 1076 ut
1170 1031 1281 1076 nihil
1300 1031 1459 1077 deesset

95 1104 417 1150 necessitatibus
431 1120 651 1149 servorum
671 1104 767 1159 Dei,
785 1104 859 1166 qui
875 1103 1093 1149 celsiorem
1111 1103 1348 1148 sanctitatis
1365 1121 1460 1163 gra-

94 1175 199 1220 dum
220 1174 265 1219 in
290 1173 478 1219 Ecclesia
505 1184 646 1218 tenere
669 1172 914 1229 voluerunt,
939 1183 987 1218 ut
1009 1173 1100 1235 spei
1125 1172 1340 1218 saecularis
1361 1174 1461 1219 vin-

93 1245 190 1290 cula
208 1254 365 1289 cuncta
381 1243 686 1306 praeciderent,
708 1253 749 1287 et
767 1243 958 1288 animum
978 1241 1166 1287 liberum
1189 1242 1350 1288 divinae
1373 1244 1460 1288 ini—

92 1315 198 1360 litiae
216 1313 488 1359 dedicarent:
503 1313 564 1357 sic
581 1312 740 1356 debent
758 1323 799 1357 et
816 1313 898 1375 ipsi
911 1313 1142 1374 praeceptis
1157 1316 1192 1371 ej
1201 1328 1245 1357 us
1262 1313 1454 1363 obedire,

94 1395 142 1430 ut
166 1383 487 1446 compatiantur
508 1381 710 1437 infirmis,
731 1392 773 1426 et
796 1398 938 1427 amore
961 1381 1144 1444 privatae
1167 1382 1226 1426 rei
1250 1400 1338 1428 non
1371 1383 1460 1428 illi-

92 1455 178 1515 gati
206 1454 405 1500 manibus
435 1452 519 1498 suis
541 1452 588 1497 in
613 1468 843 1497 commune
867 1452 1082 1507 laborare,
1108 1453 1355 1515 praepositis
1377 1456 1462 1499 suis

92 1527 181 1571 sine
205 1540 425 1570 murmure
452 1523 773 1584 obtemperare;
799 1533 848 1567 ut
875 1522 960 1567 hoc
983 1522 1238 1585 suppleatur
1263 1541 1310 1569 ex
1334 1525 1463 1569 obla-

94 1596 282 1642 tionibus
303 1596 522 1641 bonorum
541 1592 754 1649 fidelium,
778 1593 897 1656 quod
917 1593 1218 1639 laborantibus
1234 1605 1275 1639 et
1295 1594 1461 1657 aliquid

92 1667 208 1712 unde
229 1667 394 1714 victum
417 1664 652 1724 transigant
671 1664 970 1726 operantibus,
991 1675 1168 1727 propter
1192 1665 1461 1709 infirmitates

92 1749 235 1783 tamen
269 1735 512 1799 corporales
551 1734 795 1797 aliquorum
816 1771 826 1790 ,
865 1745 907 1779 et
941 1746 1120 1798 propter
1157 1735 1460 1781 ecclesiasticas

91 1808 397 1872 occupationes
420 1805 487 1853 vel
510 1804 795 1851 eruditionem
826 1805 1038 1852 doctrinae
1066 1807 1258 1853 salutaris
1273 1843 1284 1863 ,
1320 1806 1460 1852 deesse

90 1879 353 1943 putaverint.

157 1951 254 1997 XX.
297 1947 416 2005 Quid
434 1947 547 1992 enim
571 1958 697 2007 agant
710 1947 785 2011 qui
803 1948 972 2011 operari
988 1946 1271 2011 corporaliter
1282 1947 1454 2004 nolunt,

91 2021 162 2067 cui
180 2021 239 2066 rei
257 2029 414 2067 vacent
435 2017 542 2063 scire
565 2017 774 2064 desidero.
811 2019 1095 2064 Orationibus
1113 2054 1124 2073 ‚
1160 2018 1389 2080 inquiunt,
1417 2029 1458 2063 et

90 2091 284 2156 psalmis,
312 2100 354 2135 et
376 2087 570 2143 lectioni,
597 2098 642 2132 et
659 2088 792 2133 verbo
816 2089 912 2134 Dei.
949 2088 1107 2133 Sancta
1137 2087 1266 2150 plane
1297 2088 1384 2133 vita
1417 2100 1458 2133 et

93 2161 258 2207 Christi
286 2158 495 2205 suavitate
525 2156 756 2203 laudabilis
777 2175 788 2202 z
809 2157 881 2203 sed
908 2158 942 2203 si
969 2158 1025 2202 ab
1044 2158 1114 2203 his
1136 2156 1349 2202 avocandi
1370 2175 1458 2202 non

90 2250 235 2280 sumus
252 2269 263 2289 ‚
293 2248 371 2276 nec
394 2227 748 2274 manducandum
771 2239 855 2285 est,
882 2246 961 2274 nec
987 2229 1094 2291 ipsae
1126 2245 1233 2274 escae
1263 2228 1457 2291 quotidie

89 2301 411 2367 praeparandae,
437 2309 484 2344 ut
513 2298 679 2361 possint
708 2298 871 2362 apponi
899 2310 940 2344 et
968 2299 1137 2345 assumi.
1166 2299 1211 2344 Si
1234 2309 1377 2343 autem
1402 2298 1458 2343 ad

88 2376 170 2421 ista
193 2389 347 2419 vacare
370 2387 511 2416 servos
535 2369 615 2415 Dei
641 2370 767 2415 certis
791 2370 1024 2417 intervallis
1050 2381 1296 2433 temporum
1319 2369 1455 2431 ipsius

89 2442 350 2492 infirmitatis
376 2440 600 2487 necessitas
621 2440 736 2499 cogit
751 2477 763 2496 ,
789 2457 869 2486 cur
889 2458 977 2486 non
1001 2450 1042 2485 et
1065 2438 1311 2502 apostolicis
1334 2455 1455 2502 prae-

89 2515 225 2579 ceptis
243 2510 522 2560 observandis
547 2509 709 2574 aliquas
727 2521 870 2573 partes
893 2521 1138 2573 temporum
1162 2508 1454 2572 deputamus?

89 2586 230 2634 Citius
244 2585 360 2630 enim
379 2581 601 2629 exauditur
615 2596 702 2628 una
715 2581 953 2629 obedientis
972 2580 1127 2639 oratio,
1151 2596 1281 2643 quam
1304 2578 1453 2626 decem

138 2671 148 2693 ¹
169 2680 186 2700 2
201 2669 276 2700 Cor.
295 2679 341 2707 ιχ,
368 2667 454 2699 1-15.

222 2735 402 2768 cxxxni.
1267 2716 1326 2762 35
