1758 3246
329 261 420 321 298
735 279 769 310 s.
812 278 1055 313 Auen-snm
1090 281 1288 321 EPISCOPJ

325 338 448 415 toties
476 358 497 387 a
519 340 625 389 falso
651 343 831 390 crimine
858 345 1087 405 liberatur,
1117 359 1159 394 et
1190 349 1328 394 multo
1365 353 1525 410 majore
1559 369 1693 413 nego-

324 418 396 454 tio.
426 411 550 458 Tunc
577 415 692 460 enim
709 417 784 462 uni
803 422 1066 477 conjugatae,
1101 436 1218 464 nunc
1259 420 1490 466 omnibus:
1517 432 1619 468 tunc
1642 423 1695 469 de

316 480 491 526 occulto
510 493 551 528 et
575 483 680 531 falso
700 487 927 542 adulterio,
952 505 1070 533 nunc
1094 489 1146 534 de
1161 507 1261 535 vero
1286 501 1327 535 et
1352 491 1576 537 manifesto
1593 510 1694 538 con-

318 549 454 624 nubio
478 552 641 599 crimen
664 556 918 603 intenditur.
963 558 1089 602 Tunc
1123 576 1208 603 una
1238 560 1392 605 mulier
1419 577 1466 605 ex
1490 578 1540 606 eo
1573 562 1695 625 quod

316 619 457 683 miqui
477 624 657 670 seniores
677 626 907 682 dicebant,
938 645 1056 672 nunc
1080 645 1226 672 omnes
1250 630 1392 674 mariti
1424 642 1465 675 et
1484 648 1630 677 uxores
1648 648 1694 677 ex

315 705 368 733 eo
393 693 511 753 quod
531 696 761 757 Apostolus
786 696 927 742 dicere
943 697 1102 753 noluit,
1127 709 1400 745 accusantur.
1434 699 1694 746 Damnatio-

319 775 415 804 nem
449 763 614 826 qnippe
639 775 823 810 vestram
839 803 849 821 ‚
870 766 1099 830 inquiunt,
1126 768 1289 822 tacuit,
1310 785 1411 814 cum
1448 770 1530 814 ait:
1563 790 1582 810 c<
1604 771 1694 829 Ego

319 848 350 905 ›2-
364 842 505 876 autem
532 835 655 879 vobis
674 853 833 897 parco,
859 858 877 876 ›>
905 838 1013 892 Quis
1031 838 1147 882 hoc?
1174 839 1341 901 Nempe
1373 838 1443 884 ille
1463 839 1539 902 qui
1557 856 1690 902 supe-

315 915 403 976 rius
423 901 606 948 dixerat:
638 907 728 950 «Et
753 906 787 951 si
825 907 1041 970 acceperis
1071 925 1264 962 uxorem,
1297 925 1382 954 non
1414 910 1629 971 peccasti3
1654 920 1696 955 et

316 988 336 1006 >2
362 986 394 1013 51
415 974 609 1034 nupserit
625 975 746 1035 virgo
764 1013 774 1031 ‚
799 994 885 1021 non
906 977 1101 1040 peccat1.
1128 1000 1146 1019 n
1170 981 1260 1022 Cur
1283 978 1414 1037 igitur
1437 978 1482 1023 in
1506 995 1555 1023 co
1576 978 1696 1042 quod

315 1039 504 1085 modeste
525 1044 682 1099 tacuit,
704 1047 1006 1105 conjugiorum
1043 1048 1327 1110 suspicamini
1348 1048 1543 1102 crimen3
1574 1059 1616 1093 et
1649 1049 1695 1094 in

311 1125 361 1185 eo
384 1111 501 1173 quod
517 1125 661 1176 aperte
687 1115 819 1171 dixit,
862 1117 1166 1176 conjugiorum
1187 1135 1275 1161 non
1297 1117 1526 1176 agnoscitis
1543 1116 1695 1163 defen-

312 1195 471 1253 sionen]
486 1185 504 1227 ζ)
526 1184 590 1228 An
615 1202 685 1229 005
704 1185 882 1230 damnat
915 1187 1069 1231 tacitus
1086 1224 1097 1239 ‚
1144 1204 1252 1248 quos
1275 1187 1446 1231 locutus
1479 1187 1694 1233 absolvit?

314 1249 570 1310 Nonnejam
594 1255 741 1300 mitius
762 1267 990 1301 accusatur
1015 1256 1210 1300 Susanna
1230 1292 1240 1311 ,
1265 1273 1352 1300 non
1376 1255 1429 1299 de
1456 1257 1660 1315 conjugio
1679 1293 1690 1312 ,

311 1319 383 1364 sed
409 1321 461 1365 de
478 1323 573 1386 ipso
595 1325 804 1371 adulterio
822 1363 832 1381 ‚
862 1344 993 1389 quain
1013 1326 1212 1371 doctrina
1239 1324 1475 1388 apostolica
1497 1325 1550 1370 de
1577 1343 1693 1371 men-

312 1387 465 1436 dacio?
485 1394 592 1455 quid
610 1395 655 1439 in
677 1405 795 1440 tanto
815 1395 1009 1458 periculo
1027 1395 1283 1449 faceremus,
1314 1394 1394 1438 nisi
1413 1403 1502 1437 tam
1523 1403 1692 1439 certum

309 1471 592 1524 apertumque
610 1475 716 1509 esset
740 1465 925 1527 pudicas
943 1465 1118 1528 nuptias
1140 1481 1228 1509 11011
1270 1463 1427 1508 debere
1461 1462 1689 1519 damnari,

308 1545 439 1590 quain
477 1543 641 1578 certum
669 1545 955 1597 apertumque
982 1545 1043 1579 est
1069 1544 1262 1579 sanctam
1291 1533 1566 1596 Scripturam
1599 1550 1690 1578 non

311 1615 436 1661 posse
456 1604 661 1648 mentiri?

343 1738 351 1745 ·
378 1671 498 1718 XXI.
525 1674 609 1719 Hic
630 1675 745 1720 dicet
768 1675 922 1738 aliquis
947 1693 956 1719 :
987 1674 1105 1731 Quid
1128 1675 1213 1720 hoc
1234 1674 1421 1737 pertinet
1441 1672 1495 1718 ad
1520 1689 1685 1718 sacram

311 1741 601 1799 virginitatem
621 1782 631 1800 ‚
649 1745 714 1790 vel
733 1757 990 1808 perpetuam
1012 1745 1322 1790 continentiam
1339 1781 1350 1800 ‚
1377 1747 1503 1803 cujus
1524 1742 1691 1805 praedi-

310 1808 424 1854 catio
441 1811 522 1857 isto
557 1831 750 1859 sermone
782 1825 981 1877 suscepta
1005 1817 1098 1858 est?
1124 1813 1207 1858 Cui
1247 1812 1487 1875 respondeo
1511 1811 1656 1874 primo
1675 1847 1686 1867 ,

310 1880 428 1940 quod
450 1884 645 1945 superius
670 1884 1003 1929 commemoravi
1023 1921 1033 1939 ‚
1055 1901 1100 1928 ex
1126 1883 1213 1928 hoc
1229 1883 1408 1942 gloriam
1440 1880 1615 1940 maioris
1631 1879 1690 1925 il-

308 1948 391 1994 lius
420 1951 523 1998 boni
547 1971 631 1999 csse
656 1958 862 2013 majorem
884 1954 1002 2017 quod
1028 1958 1117 2013 ejus
1142 1952 1408 2015 adipiscudae
1444 1968 1573 1996 causa
1609 1949 1688 1995 110-

306 2037 413 2065 1111111
430 2024 656 2083 conjugale
678 2025 1017 2078 transcenditur,
1040 2041 1126 2069 11011
1145 2034 1375 2086 peccatum
1398 2021 1592 2082 conjugii
1616 2021 1689 2066 de-

306 2091 480 2139 vitatur.
528 2094 733 2158 Alioquin
770 2105 995 2158 perpetu-ee
1033 2093 1313 2139 continentiae
1338 2110 1427 2138 non
1462 2091 1688 2155 praecipue

302 2161 499 2220 laudari,
519 2164 592 2210 sed
611 2175 780 2210 tantum
800 2183 887 2210 non
909 2164 1149 2228 vituperari
1172 2163 1409 2217 sufficeret3
1440 2163 1474 2208 si
1493 2171 1679 2225 propte-

306 2250 377 2279 rea
399 2244 633 2292 teneretur,
652 2235 859 2298 quoniam
882 2235 1044 2280 nubere
1062 2234 1227 2279 crimen
1250 2244 1369 2280 esset.
1395 2231 1562 2278 Deinde
1583 2230 1686 2293 quia

303 2323 391 2351 non
414 2305 608 2352 humana
629 2306 861 2361 sententia,
892 2306 964 2351 sed
976 2306 1137 2351 divinae
1155 2305 1396 2368 Scripturae
1421 2302 1684 2349 auctoritate

305 2379 359 2425 ad
383 2390 472 2424 tam
496 2378 701 2424 excellens
729 2377 893 2422 donum
916 2377 1113 2422 homines
1149 2374 1408 2420 exhortandi
1434 2383 1560 2427 sunt,
1595 2388 1685 2417 non

303 2449 580 2495 mediocriter
593 2465 732 2511 neque
748 2458 1059 2511 praetereunter
1074 2445 1289 2506 agendum
1311 2455 1388 2501 051,
1408 2460 1463 2489 110
1477 2443 1683 2505 cuiquam

300 2521 394 2584 ipsa
419 2520 569 2567 divina
595 2519 820 2584 Scriptura
843 2519 887 2565 in
907 2518 1052 2582 aliquo
1067 2516 1245 2563 mentita
1263 2515 1475 2563 videatur.
1500 2512 1681 2560 Dehor-

351 2604 361 2625 1
383 2615 400 2634 2
417 2606 491 2637 Cor.
512 2615 576 2646 vu,
598 2605 651 2633 28.
