1758 3246
13 306 16 355 i

9 359 15 536 f

8 538 13 584 «¹

360 267 413 297 DE
450 264 615 297 smera
650 262 965 304 VIRGINITATE,
1004 264 1090 296 Lm.
1133 263 1162 294 1.
1373 248 1466 311 295

99 331 218 394 quod
235 348 305 378 eas
328 349 376 377 ex
394 331 574 393 obliquo
597 329 805 375 sententia
828 328 908 373 ista
924 329 1192 376 damnaverit
1210 349 1221 383 ;
1251 327 1370 376 velut
1390 328 1467 393 ip-

98 417 187 446 sam
209 401 527 448 damnationem
551 399 736 445 noluerit
759 398 900 444 dicere
916 435 927 455 ,
957 415 1057 444 cum
1074 399 1159 444 ait:
1181 401 1304 459 «Ego
1323 409 1466 445 autem

97 492 119 513 »
144 472 266 518 Vobis
294 488 425 535 parco
459 488 468 515 :
500 491 520 511 »
556 480 604 514 ut
634 468 836 514 videlicet
858 485 959 513 cum
986 468 1077 513 istis
1113 468 1256 531 parcit
1275 505 1285 524 ‚
1314 468 1470 514 animae

95 559 184 588 suae
206 560 294 588 non
312 541 580 604 pepercerit,
608 540 642 585 si
662 539 910 584 mentiendo
930 539 1036 583 dixit
1061 556 1071 583 :
1095 560 1115 578 «
1136 538 1237 583 Etsi
1251 539 1468 602 acceperis

93 631 114 650 »
141 628 311 658 uxorem
330 648 340 666 ‚
364 629 451 656 non
475 611 665 674 peccasti
683 630 694 663 ;
715 620 756 654 et
779 609 812 654 si
836 610 1032 672 nupserit
1051 609 1171 668 virgo
1190 645 1201 664 ,
1240 625 1327 654 non
1357 627 1466 672 pec-

93 703 112 722 ›>
136 681 285 728 cat1.»
311 682 443 738 Quod
467 683 542 745 qui
570 682 622 726 de
645 690 793 725 sancta
814 680 1041 743 Scriptura
1060 679 1245 725 credunt
1261 679 1328 724 vel
1348 680 1469 726 credi

89 750 241 796 volunt
258 788 269 807 ,
297 762 506 814 tanquam
534 752 648 797 viam
669 751 752 796 sibi
777 751 982 796 muniunt
1007 750 1059 796 ad
1083 749 1319 795 mentiendi
1335 749 1466 794 licen-

88 821 191 867 tiam
210 857 221 877 ,
245 821 313 868 vel
348 821 402 866 ad
425 822 716 867 defensionem
739 837 828 866 suae
849 837 1062 884 perversae
1087 820 1304 884 opinionis
1321 856 1332 875 ‚
1358 819 1465 864 ubi-

87 908 272 954 cumque
303 892 421 937 aliud
452 892 643 937 sentiunt
663 907 795 954 quam
824 908 926 936 sana
952 890 1150 936 doctrina
1169 888 1374 953 postulat.
1418 888 1466 934 Si

85 961 191 1022 quid
214 962 327 1006 enim
353 961 626 1007 manifestum
646 961 700 1006 de
721 961 878 1007 divinis
901 961 1046 1006 Libris
1069 960 1287 1024 prolatum
1313 958 1459 1015 fuerit,

82 1047 170 1092 quo
192 1048 341 1076 eorum
363 1032 643 1077 confutentur
668 1048 833 1076 errores
854 1067 866 1087 ,
888 1031 975 1076 hoc
997 1030 1052 1076 ad
1078 1046 1258 1074 manum
1295 1028 1465 1073 habent

80 1100 199 1146 velut
217 1112 389 1146 scutum
407 1138 419 1158 ,
440 1119 527 1164 quo
545 1118 587 1146 se
603 1101 804 1146 adversus
820 1101 1043 1145 veritatem
1059 1100 1180 1162 quasi
1196 1109 1362 1144 tuentes
1381 1114 1461 1143 nu-

81 1170 185 1215 dent
207 1189 226 1216 a
256 1171 431 1216 diabolo
450 1169 763 1224 vulnerandos,
786 1179 835 1213 ut
852 1169 1002 1214 dicant
1018 1170 1104 1214 hoc
1118 1178 1338 1214 auctorem
1355 1167 1463 1212 libri

79 1256 167 1284 non
203 1256 351 1284 verum
375 1240 554 1293 dixisse,
583 1239 683 1284 alias
715 1248 763 1283 ut
796 1239 980 1284 infirmis
1019 1248 1217 1302 parceret
1237 1274 1247 1292 ‚
1283 1237 1384 1282 alias
1411 1247 1461 1282 ut

78 1319 396 1372 contemptores
420 1319 618 1362 terreret3
640 1309 753 1354 sicut
774 1309 1011 1354 occurrerit
1031 1326 1159 1354 causa
1173 1345 1184 1364 ‚
1208 1324 1294 1370 qua
1309 1324 1461 1352 eorum

77 1396 274 1441 perversa
299 1380 506 1424 sententia
524 1378 783 1424 defendatur
803 1396 813 1423 ε
838 1389 967 1441 atque
982 1379 1038 1423 ita
1059 1379 1165 1424 dum
1182 1396 1230 1423 ea
1247 1394 1347 1440 quae
1364 1377 1459 1440 opi-

76 1460 252 1505 nantur,
293 1449 521 1494 defendere
558 1466 691 1511 quam
731 1450 942 1508 corrigere
972 1449 1142 1494 malunt
1159 1485 1170 1505 ,
1216 1448 1459 1510 Scripturas

76 1528 236 1563 sanctae
260 1519 560 1564 auctoritatem
585 1519 778 1577 frangere
799 1529 1013 1564 conantur
1030 1555 1041 1574 ,
1071 1535 1157 1581 qua
1185 1535 1272 1562 una
1307 1534 1456 1563 omnes

75 1588 261 1633 cervices
283 1589 486 1651 superbae
513 1589 722 1651 duraeque
740 1588 1014 1648 franguntur.

139 1658 304 1704 XVIII.
348 1658 471 1704 Unde
493 1669 721 1704 sectatores
741 1669 782 1703 et
801 1658 1043 1704 sectatrices
1063 1668 1288 1721 perpetuae
1308 1657 1454 1703 conti-

72 1727 229 1773 nentiae
247 1739 289 1773 et
310 1746 443 1774 sacrae
467 1729 726 1788 virginitatis
743 1728 976 1785 admoneo,
1001 1739 1050 1774 ut
1070 1729 1237 1774 bonum
1254 1744 1379 1772 suum
1395 1728 1454 1774 ita

70 1797 306 1859 praeferant
330 1799 496 1862 nuptiis
517 1835 528 1854 ,
555 1816 608 1843 ne
632 1798 796 1843 malum
817 1799 1019 1858 judicent
1046 1799 1221 1861 nuptias
1264 1815 1274 1842 :
1314 1815 1454 1861 neque

68 1866 295 1922 fallaciter‚
321 1868 394 1913 sed
417 1868 546 1931 plane
572 1868 782 1914 veraciter
805 1869 860 1913 ab
885 1869 1092 1931 Apostolo
1117 1868 1285 1914 dictum
1316 1886 1453 1913 nove-

68 1936 156 1981 rint
184 1954 194 1980 :
224 1937 344 1992 «Qui
364 1936 439 1981 dat
457 1949 646 2000 nuptum
661 1975 671 1991 ,
695 1938 805 1982 bene
824 1937 929 1982 facit
949 1958 960 1990 ς
982 1939 1112 2001 etqui
1140 1956 1225 1983 non
1244 1938 1319 1983 dat
1340 1955 1453 2002 nup-

68 2026 88 2048 »
112 2016 203 2051 tum
219 2043 229 2061 ,
257 2006 408 2051 melius
428 2006 533 2052 facit
550 2008 583 2053 2.
613 2008 669 2052 Et
687 2008 717 2052 si
747 2008 962 2070 acceperis
983 2025 1153 2053 uxorem
1172 2045 1183 2064 ‚
1222 2026 1312 2053 non
1341 2025 1451 2071 pec-

66 2096 87 2116 »
111 2076 217 2120 casti
236 2096 246 2128 ;
268 2076 562 2139 etsinupserit
582 2077 727 2136 virgo,
751 2094 840 2121 non
850 2088 1006 2140 peccat
1021 2078 1084 2124 3.»
1101 2079 1156 2123 Et
1171 2078 1304 2141 paulo
1322 2090 1446 2141 post:

66 2166 86 2187 κ
113 2145 286 2190 Beatior
308 2157 451 2191 autem
477 2147 573 2201 erit,
592 2148 626 2192 si
642 2147 702 2192 sic
719 2149 1029 2210 permanserit,
1051 2148 1291 2194 secundum
1308 2166 1451 2194 meam

66 2237 86 2262 >2
111 2216 377 2264 sententiam.
402 2238 423 2258 »
464 2219 520 2262 Et
553 2235 606 2263 ne
628 2218 823 2264 humana
849 2220 1060 2265 sententia
1081 2230 1336 2283 putaretur,
1364 2219 1447 2265 ad-

60 2287 205 2346 jungit
231 2304 241 2331 :
268 2307 289 2328 <<
310 2290 420 2332 Puto
445 2297 588 2333 autem
607 2299 649 2334 et
665 2305 742 2348 ego
765 2288 981 2352 Spiritum
997 2291 1076 2335 Dei
1089 2290 1237 2336 habeo
1259 2289 1445 2336 4.›>Haec

63 2357 282 2403 dominica
298 2394 309 2413 ,
336 2357 435 2403 haec
461 2358 698 2421 apostolica
716 2395 726 2414 ‚
753 2359 853 2404 haee
864 2377 982 2416 vera,
1005 2360 1103 2406 haec
1123 2377 1225 2405 sana
1245 2358 1446 2404 doctrina

62 2437 125 2472 est
144 2463 155 2482 ‚
182 2427 243 2472 sic
264 2426 416 2486 eligere
439 2427 553 2473 dona
576 2432 739 2488 majora
757 2466 769 2480 ,
791 2446 845 2474 ne
865 2430 1033 2476 minora
1052 2430 1326 2475 damnentur.
1353 2429 1445 2474 Me-

61 2497 142 2543 lior
166 2508 228 2542 est
249 2497 296 2542 in
323 2497 552 2562 Scriptura
573 2499 654 2545 Dei
670 2500 825 2545 veritas
849 2501 954 2558 Dei,
974 2517 1104 2563 quam
1122 2500 1168 2545 in
1184 2503 1443 2562 cujusquam

109 2582 119 2603 ¹
147 2591 160 2611 ι
182 2582 254 2612 Cor.
274 2591 331 2618 vu,
351 2583 404 2611 28.
424 2598 468 2604 —
484 2580 600 2613 ²1bid.
626 2583 678 2613 38.
694 2600 736 2605 —
757 2580 869 2614 31bid.
889 2584 946 2614 28.
963 2599 1006 2604 —
1023 2579 1036 2603 ‘⁵
1054 2581 1138 2625 lbid.
1161 2588 1215 2618 40.
