<?xml version="1.0" encoding="UTF-8"?>
<!DOCTYPE html PUBLIC "-//W3C//DTD XHTML 1.0 Transitional//EN"
    "http://www.w3.org/TR/xhtml1/DTD/xhtml1-transitional.dtd">
<html xmlns="http://www.w3.org/1999/xhtml" xml:lang="en" lang="en">
 <head>
  <title>
</title>
<meta http-equiv="Content-Type" content="text/html;charset=utf-8" />
  <meta name='ocr-system' content='tesseract 3.04.00' />
  <meta name='ocr-capabilities' content='ocr_page ocr_carea ocr_par ocr_line ocrx_word'/>
</head>
<body>
  <div class='ocr_page' id='page_1' title='image "./operaomniaaccura26auguuoft/operaomniaaccura26auguuoft_0162.png"; bbox 0 0 1758 3246; ppageno 0'>
   <div class='ocr_carea' id='block_1_1' title="bbox 297 286 1262 333">
    <p class='ocr_par' dir='ltr' id='par_1_1' title="bbox 297 286 1262 333">
     <span class='ocr_line' id='line_1_1' title="bbox 297 286 1262 333; baseline 0.001 -2"><span class='ocrx_word' id='word_1_1' title='bbox 297 286 383 332; x_wconf 78' lang='lat'>150</span> <span class='ocrx_word' id='word_1_2' title='bbox 692 299 726 328; x_wconf 85' lang='lat' dir='ltr'>s.</span> <span class='ocrx_word' id='word_1_3' title='bbox 769 298 1010 329; x_wconf 76' lang='lat' dir='ltr'>Aueusrml</span> <span class='ocrx_word' id='word_1_4' title='bbox 1047 301 1262 333; x_wconf 74' lang='lat' dir='ltr'>Emscom.</span> 
     </span>
    </p>
   </div>
   <div class='ocr_carea' id='block_1_2' title="bbox 290 362 1658 497">
    <p class='ocr_par' dir='ltr' id='par_1_2' title="bbox 290 362 1658 497">
     <span class='ocr_line' id='line_1_2' title="bbox 290 362 1657 430; baseline -0.001 -18"><span class='ocrx_word' id='word_1_5' title='bbox 290 367 421 412; x_wconf 88' lang='lat' dir='ltr'>etiam</span> <span class='ocrx_word' id='word_1_6' title='bbox 435 362 596 418; x_wconf 82' lang='lat' dir='ltr'><strong>dicere,</strong></span> <span class='ocrx_word' id='word_1_7' title='bbox 609 379 697 427; x_wconf 92' lang='lat' dir='ltr'>quo</span> <span class='ocrx_word' id='word_1_8' title='bbox 710 374 853 426; x_wconf 87' lang='lat' dir='ltr'>potest</span> <span class='ocrx_word' id='word_1_9' title='bbox 864 375 1054 410; x_wconf 80' lang='lat' dir='ltr'>tentante</span> <span class='ocrx_word' id='word_1_10' title='bbox 1069 366 1227 413; x_wconf 88' lang='lat' dir='ltr'>Satana</span> <span class='ocrx_word' id='word_1_11' title='bbox 1238 367 1378 413; x_wconf 88' lang='lat' dir='ltr'>libido</span> <span class='ocrx_word' id='word_1_12' title='bbox 1390 365 1657 430; x_wconf 84' lang='lat' dir='ltr'>pertrahere,</span> 
     </span>
     <span class='ocr_line' id='line_1_3' title="bbox 290 434 1658 497; baseline -0.001 -16"><span class='ocrx_word' id='word_1_13' title='bbox 290 434 653 482; x_wconf 84' lang='lat' dir='ltr'>incontinentium</span> <span class='ocrx_word' id='word_1_14' title='bbox 674 434 833 480; x_wconf 80' lang='lat' dir='ltr'><strong>devitet</strong></span> <span class='ocrx_word' id='word_1_15' title='bbox 863 435 1104 483; x_wconf 80' lang='lat' dir='ltr'>infirmitas.</span> <span class='ocrx_word' id='word_1_16' title='bbox 1143 439 1289 483; x_wconf 87' lang='lat' dir='ltr'>Posset</span> <span class='ocrx_word' id='word_1_17' title='bbox 1313 455 1412 497; x_wconf 79' lang='lat' dir='ltr'>ergo</span> <span class='ocrx_word' id='word_1_18' title='bbox 1429 475 1440 493; x_wconf 80' lang='lat'>‚</span> <span class='ocrx_word' id='word_1_19' title='bbox 1464 447 1513 482; x_wconf 86' lang='lat' dir='ltr'>ut</span> <span class='ocrx_word' id='word_1_20' title='bbox 1544 435 1631 481; x_wconf 76' lang='lat' dir='ltr'>dixi</span> <span class='ocrx_word' id='word_1_21' title='bbox 1647 472 1658 491; x_wconf 82' lang='grc'>,</span> 
     </span>
    </p>
   </div>
   <div class='ocr_carea' id='block_1_3' title="bbox 1722 269 1730 474">
    <p class='ocr_par' dir='ltr' id='par_1_3' title="bbox 1722 256 1730 496">
     <span class='ocr_line' id='line_1_4' title="bbox 1722 269 1730 474; baseline 0 0"><span class='ocrx_word' id='word_1_22' title='bbox 1722 269 1730 474; x_wconf 67' lang='grc' dir='ltr'>ἰ</span> 
     </span>
    </p>
   </div>
   <div class='ocr_carea' id='block_1_4' title="bbox 292 505 1731 569">
    <p class='ocr_par' dir='ltr' id='par_1_4' title="bbox 292 505 1731 569">
     <span class='ocr_line' id='line_1_5' title="bbox 292 505 1731 569; baseline -0.001 -17"><span class='ocrx_word' id='word_1_23' title='bbox 292 507 380 552; x_wconf 87' lang='lat' dir='ltr'>hoc</span> <span class='ocrx_word' id='word_1_24' title='bbox 403 505 551 569; x_wconf 88' lang='lat' dir='ltr'>putari</span> <span class='ocrx_word' id='word_1_25' title='bbox 572 521 662 550; x_wconf 92' lang='lat' dir='ltr'>non</span> <span class='ocrx_word' id='word_1_26' title='bbox 695 521 780 549; x_wconf 88' lang='lat' dir='ltr'>esse</span> <span class='ocrx_word' id='word_1_27' title='bbox 812 515 1069 566; x_wconf 75' lang='lat' dir='ltr'>peccatum,</span> <span class='ocrx_word' id='word_1_28' title='bbox 1103 507 1186 551; x_wconf 91' lang='lat' dir='ltr'>nisi</span> <span class='ocrx_word' id='word_1_29' title='bbox 1219 507 1485 552; x_wconf 81' lang='lat' dir='ltr'>addidisset:</span> <span class='ocrx_word' id='word_1_30' title='bbox 1524 526 1545 546; x_wconf 78' lang='lat' dir='ltr'>&lt;c</span> <span class='ocrx_word' id='word_1_31' title='bbox 1565 505 1663 550; x_wconf 89' lang='lat' dir='ltr'>Hoc</span> <span class='ocrx_word' id='word_1_32' title='bbox 1728 505 1731 550; x_wconf 77' lang='grc' dir='ltr'>Ξ</span> 
     </span>
    </p>
   </div>
   <div class='ocr_carea' id='block_1_5' title="bbox 291 573 1670 1057">
    <p class='ocr_par' dir='ltr' id='par_1_5' title="bbox 291 573 1670 1057">
     <span class='ocr_line' id='line_1_6' title="bbox 292 573 1664 637; baseline 0.001 -19"><span class='ocrx_word' id='word_1_33' title='bbox 292 597 313 618; x_wconf 84' lang='grc'><em>»</em></span> <span class='ocrx_word' id='word_1_34' title='bbox 335 586 479 622; x_wconf 86' lang='lat' dir='ltr'>autem</span> <span class='ocrx_word' id='word_1_35' title='bbox 506 575 607 621; x_wconf 89' lang='lat' dir='ltr'>dico</span> <span class='ocrx_word' id='word_1_36' title='bbox 638 573 879 619; x_wconf 89' lang='lat' dir='ltr'>secundum</span> <span class='ocrx_word' id='word_1_37' title='bbox 903 574 1073 619; x_wconf 88' lang='lat' dir='ltr'>veniam</span> <span class='ocrx_word' id='word_1_38' title='bbox 1089 611 1100 629; x_wconf 83' lang='lat'><strong><em>‚</em></strong></span> <span class='ocrx_word' id='word_1_39' title='bbox 1132 592 1221 620; x_wconf 92' lang='lat' dir='ltr'>non</span> <span class='ocrx_word' id='word_1_40' title='bbox 1257 576 1495 622; x_wconf 88' lang='lat' dir='ltr'>secundum</span> <span class='ocrx_word' id='word_1_41' title='bbox 1519 576 1664 637; x_wconf 87' lang='lat' dir='ltr'>impe-</span> 
     </span>
     <span class='ocr_line' id='line_1_7' title="bbox 291 643 1665 706; baseline -0.001 -17"><span class='ocrx_word' id='word_1_42' title='bbox 291 667 313 689; x_wconf 77' lang='lat'>»</span> <span class='ocrx_word' id='word_1_43' title='bbox 332 646 460 692; x_wconf 87' lang='lat' dir='ltr'>rium.</span> <span class='ocrx_word' id='word_1_44' title='bbox 485 666 506 686; x_wconf 91' lang='lat'>»</span> <span class='ocrx_word' id='word_1_45' title='bbox 532 645 642 701; x_wconf 85' lang='lat' dir='ltr'>Quis</span> <span class='ocrx_word' id='word_1_46' title='bbox 660 654 802 689; x_wconf 88' lang='lat' dir='ltr'>autem</span> <span class='ocrx_word' id='word_1_47' title='bbox 818 647 909 702; x_wconf 83' lang='lat' dir='ltr'>jam</span> <span class='ocrx_word' id='word_1_48' title='bbox 927 660 1013 689; x_wconf 87' lang='lat' dir='ltr'>esse</span> <span class='ocrx_word' id='word_1_49' title='bbox 1030 656 1258 706; x_wconf 86' lang='lat' dir='ltr'>peccatum</span> <span class='ocrx_word' id='word_1_50' title='bbox 1278 656 1424 705; x_wconf 75' lang='lat' dir='ltr'>neget,</span> <span class='ocrx_word' id='word_1_51' title='bbox 1452 662 1552 690; x_wconf 90' lang='lat' dir='ltr'>cum</span> <span class='ocrx_word' id='word_1_52' title='bbox 1571 643 1665 689; x_wconf 87' lang='lat' dir='ltr'>dari</span> 
     </span>
     <span class='ocr_line' id='line_1_8' title="bbox 291 713 1668 776; baseline -0.003 -13"><span class='ocrx_word' id='word_1_53' title='bbox 291 717 463 763; x_wconf 87' lang='lat' dir='ltr'>veniam</span> <span class='ocrx_word' id='word_1_54' title='bbox 493 715 752 760; x_wconf 71' lang='lat' dir='ltr'>facientibus</span> <span class='ocrx_word' id='word_1_55' title='bbox 773 713 1007 776; x_wconf 86' lang='lat' dir='ltr'>apostolica</span> <span class='ocrx_word' id='word_1_56' title='bbox 1037 716 1293 761; x_wconf 87' lang='lat' dir='ltr'>auctoritate</span> <span class='ocrx_word' id='word_1_57' title='bbox 1325 715 1539 761; x_wconf 65' lang='lat' dir='ltr'>fateatur?</span> <span class='ocrx_word' id='word_1_58' title='bbox 1562 713 1668 759; x_wconf 85' lang='lat' dir='ltr'>Tale</span> 
     </span>
     <span class='ocr_line' id='line_1_9' title="bbox 293 783 1668 849; baseline -0.002 -18"><span class='ocrx_word' id='word_1_59' title='bbox 293 785 503 849; x_wconf 80' lang='lat' dir='ltr'>quiddam</span> <span class='ocrx_word' id='word_1_60' title='bbox 522 795 584 829; x_wconf 88' lang='lat' dir='ltr'>est</span> <span class='ocrx_word' id='word_1_61' title='bbox 601 820 611 837; x_wconf 77' lang='lat'><strong><em>‚</em></strong></span> <span class='ocrx_word' id='word_1_62' title='bbox 642 784 719 828; x_wconf 91' lang='lat' dir='ltr'>ubi</span> <span class='ocrx_word' id='word_1_63' title='bbox 740 783 846 828; x_wconf 89' lang='lat' dir='ltr'>dicit</span> <span class='ocrx_word' id='word_1_64' title='bbox 869 802 879 828; x_wconf 92' lang='lat'>:</span> <span class='ocrx_word' id='word_1_65' title='bbox 912 806 932 825; x_wconf 88' lang='lat'>«</span> <span class='ocrx_word' id='word_1_66' title='bbox 954 785 1098 830; x_wconf 88' lang='lat' dir='ltr'>Audet</span> <span class='ocrx_word' id='word_1_67' title='bbox 1124 785 1355 848; x_wconf 88' lang='lat' dir='ltr'>quisquam</span> <span class='ocrx_word' id='word_1_68' title='bbox 1378 797 1570 830; x_wconf 86' lang='lat' dir='ltr'>vestrum</span> <span class='ocrx_word' id='word_1_69' title='bbox 1594 783 1668 829; x_wconf 90' lang='lat' dir='ltr'>ad-</span> 
     </span>
     <span class='ocr_line' id='line_1_10' title="bbox 294 854 1663 918; baseline 0.001 -20"><span class='ocrx_word' id='word_1_70' title='bbox 294 878 315 898; x_wconf 79' lang='lat'>»</span> <span class='ocrx_word' id='word_1_71' title='bbox 332 873 479 903; x_wconf 82' lang='lat' dir='ltr'>versus</span> <span class='ocrx_word' id='word_1_72' title='bbox 503 855 685 900; x_wconf 88' lang='lat' dir='ltr'>alterum</span> <span class='ocrx_word' id='word_1_73' title='bbox 703 855 922 914; x_wconf 81' lang='lat' dir='ltr'>negotium</span> <span class='ocrx_word' id='word_1_74' title='bbox 941 855 1109 900; x_wconf 89' lang='lat' dir='ltr'>habens</span> <span class='ocrx_word' id='word_1_75' title='bbox 1123 855 1313 914; x_wconf 83' lang='lat' dir='ltr'>judicari</span> <span class='ocrx_word' id='word_1_76' title='bbox 1332 855 1450 918; x_wconf 88' lang='lat' dir='ltr'>apud</span> <span class='ocrx_word' id='word_1_77' title='bbox 1473 854 1663 918; x_wconf 80' lang='lat' dir='ltr'>iniquos,</span> 
     </span>
     <span class='ocr_line' id='line_1_11' title="bbox 293 923 1669 987; baseline 0 -19"><span class='ocrx_word' id='word_1_78' title='bbox 293 947 314 968; x_wconf 81' lang='lat'>»</span> <span class='ocrx_word' id='word_1_79' title='bbox 332 937 374 971; x_wconf 94' lang='lat' dir='ltr'>et</span> <span class='ocrx_word' id='word_1_80' title='bbox 405 942 494 970; x_wconf 91' lang='lat' dir='ltr'>non</span> <span class='ocrx_word' id='word_1_81' title='bbox 531 923 649 987; x_wconf 88' lang='lat' dir='ltr'>apud</span> <span class='ocrx_word' id='word_1_82' title='bbox 681 928 877 969; x_wconf 63' lang='lat' dir='ltr'>sanctos?</span> <span class='ocrx_word' id='word_1_83' title='bbox 899 945 919 965; x_wconf 70' lang='grc' dir='ltr'><strong>υ</strong></span> <span class='ocrx_word' id='word_1_84' title='bbox 959 925 1015 968; x_wconf 90' lang='lat' dir='ltr'>Et</span> <span class='ocrx_word' id='word_1_85' title='bbox 1049 924 1183 987; x_wconf 89' lang='lat' dir='ltr'>paulo</span> <span class='ocrx_word' id='word_1_86' title='bbox 1208 936 1308 987; x_wconf 87' lang='lat' dir='ltr'>post</span> <span class='ocrx_word' id='word_1_87' title='bbox 1333 942 1345 969; x_wconf 88' lang='lat'>:</span> <span class='ocrx_word' id='word_1_88' title='bbox 1384 945 1403 965; x_wconf 89' lang='lat'>«</span> <span class='ocrx_word' id='word_1_89' title='bbox 1433 923 1669 969; x_wconf 83' lang='lat' dir='ltr'>Saecularia</span> 
     </span>
     <span class='ocr_line' id='line_1_12' title="bbox 293 992 1670 1057; baseline 0.001 -20"><span class='ocrx_word' id='word_1_90' title='bbox 293 996 465 1055; x_wconf 84' lang='lat' dir='ltr'>»igitur</span> <span class='ocrx_word' id='word_1_91' title='bbox 485 993 654 1053; x_wconf 86' lang='lat' dir='ltr'>judicia</span> <span class='ocrx_word' id='word_1_92' title='bbox 672 994 706 1038; x_wconf 89' lang='lat' dir='ltr'>si</span> <span class='ocrx_word' id='word_1_93' title='bbox 730 993 973 1039; x_wconf 86' lang='lat' dir='ltr'>habueritis</span> <span class='ocrx_word' id='word_1_94' title='bbox 989 1030 1000 1049; x_wconf 87' lang='lat'><strong>‚</strong></span> <span class='ocrx_word' id='word_1_95' title='bbox 1029 994 1196 1056; x_wconf 80' lang='lat' dir='ltr'>inquit,</span> <span class='ocrx_word' id='word_1_96' title='bbox 1221 1011 1290 1039; x_wconf 89' lang='lat' dir='ltr'>eos</span> <span class='ocrx_word' id='word_1_97' title='bbox 1312 994 1384 1057; x_wconf 91' lang='lat' dir='ltr'>qui</span> <span class='ocrx_word' id='word_1_98' title='bbox 1409 992 1670 1056; x_wconf 89' lang='lat' dir='ltr'>contempti-</span> 
     </span>
    </p>
   </div>
   <div class='ocr_carea' id='block_1_6' title="bbox 1728 553 1735 726">
    <p class='ocr_par' dir='ltr' id='par_1_6' title="bbox 1728 553 1735 726">
     <span class='ocr_line' id='line_1_13' title="bbox 1728 553 1733 614; baseline 0 0"><span class='ocrx_word' id='word_1_99' title='bbox 1728 553 1733 614; x_wconf 72' lang='grc' dir='ltr'>ἶ</span> 
     </span>
     <span class='ocr_line' id='line_1_14' title="bbox 1730 623 1734 654; baseline 0 -6"><span class='ocrx_word' id='word_1_100' title='bbox 1730 623 1734 654; x_wconf 65' lang='lat' dir='ltr'>z</span> 
     </span>
     <span class='ocr_line' id='line_1_15' title="bbox 1731 668 1735 709; baseline 0 0"><span class='ocrx_word' id='word_1_101' title='bbox 1731 668 1735 709; x_wconf 65' lang='grc' dir='ltr'>ἱ</span> 
     </span>
     <span class='ocr_line' id='line_1_16' title="bbox 1732 710 1735 726; baseline 0 0"><span class='ocrx_word' id='word_1_102' title='bbox 1732 710 1735 726; x_wconf 76' lang='grc' dir='ltr'>ί</span> 
     </span>
    </p>
   </div>
   <div class='ocr_carea' id='block_1_7' title="bbox 294 1062 1743 1118">
    <p class='ocr_par' dir='ltr' id='par_1_7' title="bbox 294 1062 1743 1118">
     <span class='ocr_line' id='line_1_17' title="bbox 294 1062 1743 1118; baseline 0 -12"><span class='ocrx_word' id='word_1_103' title='bbox 294 1085 316 1106; x_wconf 84' lang='grc'>»</span> <span class='ocrx_word' id='word_1_104' title='bbox 334 1065 442 1110; x_wconf 91' lang='lat' dir='ltr'>biles</span> <span class='ocrx_word' id='word_1_105' title='bbox 465 1074 566 1109; x_wconf 91' lang='lat' dir='ltr'>sunt</span> <span class='ocrx_word' id='word_1_106' title='bbox 598 1064 644 1108; x_wconf 88' lang='lat' dir='ltr'>in</span> <span class='ocrx_word' id='word_1_107' title='bbox 669 1063 888 1118; x_wconf 72' lang='lat' dir='ltr'>Ecclesia,</span> <span class='ocrx_word' id='word_1_108' title='bbox 924 1063 1006 1108; x_wconf 90' lang='lat' dir='ltr'>hos</span> <span class='ocrx_word' id='word_1_109' title='bbox 1037 1063 1258 1110; x_wconf 88' lang='lat' dir='ltr'>collocate.</span> <span class='ocrx_word' id='word_1_110' title='bbox 1295 1063 1363 1109; x_wconf 84' lang='lat' dir='ltr'>Ad</span> <span class='ocrx_word' id='word_1_111' title='bbox 1390 1062 1672 1109; x_wconf 87' lang='lat' dir='ltr'>reverentiam</span> <span class='ocrx_word' id='word_1_112' title='bbox 1738 1068 1743 1114; x_wconf 72' lang='grc' dir='ltr'>ξ</span> 
     </span>
    </p>
   </div>
   <div class='ocr_carea' id='block_1_8' title="bbox 294 1132 1744 1198">
    <p class='ocr_par' dir='ltr' id='par_1_8' title="bbox 294 1132 1744 1198">
     <span class='ocr_line' id='line_1_18' title="bbox 294 1132 1744 1198; baseline 0 -21"><span class='ocrx_word' id='word_1_113' title='bbox 294 1135 459 1182; x_wconf 88' lang='lat' dir='ltr'>»vobis</span> <span class='ocrx_word' id='word_1_114' title='bbox 482 1134 582 1180; x_wconf 86' lang='lat' dir='ltr'>dico</span> <span class='ocrx_word' id='word_1_115' title='bbox 605 1151 616 1178; x_wconf 76' lang='grc' dir='ltr'>ε</span> <span class='ocrx_word' id='word_1_116' title='bbox 640 1134 700 1179; x_wconf 91' lang='lat' dir='ltr'>sic</span> <span class='ocrx_word' id='word_1_117' title='bbox 723 1151 813 1178; x_wconf 89' lang='lat' dir='ltr'>non</span> <span class='ocrx_word' id='word_1_118' title='bbox 832 1144 893 1179; x_wconf 89' lang='lat' dir='ltr'>est</span> <span class='ocrx_word' id='word_1_119' title='bbox 911 1134 1022 1179; x_wconf 87' lang='lat' dir='ltr'>inter</span> <span class='ocrx_word' id='word_1_120' title='bbox 1044 1152 1120 1182; x_wconf 88' lang='lat' dir='ltr'>vos</span> <span class='ocrx_word' id='word_1_121' title='bbox 1143 1135 1373 1198; x_wconf 87' lang='lat' dir='ltr'>quisquam</span> <span class='ocrx_word' id='word_1_122' title='bbox 1404 1134 1572 1197; x_wconf 88' lang='lat' dir='ltr'>sapiens</span> <span class='ocrx_word' id='word_1_123' title='bbox 1596 1132 1673 1195; x_wconf 90' lang='lat' dir='ltr'>qui</span> <span class='ocrx_word' id='word_1_124' title='bbox 1740 1143 1744 1167; x_wconf 52' lang='grc' dir='ltr'><em>ἐ</em></span> 
     </span>
    </p>
   </div>
   <div class='ocr_carea' id='block_1_9' title="bbox 294 1202 1691 2655">
    <p class='ocr_par' dir='ltr' id='par_1_9' title="bbox 294 1202 1691 2592">
     <span class='ocr_line' id='line_1_19' title="bbox 297 1202 1674 1267; baseline 0.001 -21"><span class='ocrx_word' id='word_1_125' title='bbox 297 1226 318 1259; x_wconf 71' lang='lat' dir='ltr'>&gt;J</span> <span class='ocrx_word' id='word_1_126' title='bbox 334 1206 473 1267; x_wconf 82' lang='lat' dir='ltr'>possit</span> <span class='ocrx_word' id='word_1_127' title='bbox 490 1205 602 1249; x_wconf 85' lang='lat' dir='ltr'>inter</span> <span class='ocrx_word' id='word_1_128' title='bbox 616 1204 794 1250; x_wconf 86' lang='lat' dir='ltr'>fratrem</span> <span class='ocrx_word' id='word_1_129' title='bbox 813 1222 939 1250; x_wconf 88' lang='lat' dir='ltr'>suum</span> <span class='ocrx_word' id='word_1_130' title='bbox 962 1205 1160 1262; x_wconf 82' lang='lat' dir='ltr'>judicare</span> <span class='ocrx_word' id='word_1_131' title='bbox 1179 1225 1191 1258; x_wconf 73' lang='grc' dir='ltr'><strong>ς</strong></span> <span class='ocrx_word' id='word_1_132' title='bbox 1215 1204 1287 1250; x_wconf 84' lang='lat' dir='ltr'>sed</span> <span class='ocrx_word' id='word_1_133' title='bbox 1313 1204 1442 1250; x_wconf 86' lang='lat' dir='ltr'>frater</span> <span class='ocrx_word' id='word_1_134' title='bbox 1465 1220 1567 1249; x_wconf 90' lang='lat' dir='ltr'>cum</span> <span class='ocrx_word' id='word_1_135' title='bbox 1582 1202 1674 1248; x_wconf 84' lang='lat' dir='ltr'>fra-</span> 
     </span>
     <span class='ocr_line' id='line_1_20' title="bbox 297 1271 1676 1333; baseline 0 -16"><span class='ocrx_word' id='word_1_136' title='bbox 297 1285 401 1319; x_wconf 87' lang='lat' dir='ltr'>»tre</span> <span class='ocrx_word' id='word_1_137' title='bbox 429 1272 685 1332; x_wconf 76' lang='lat' dir='ltr'>judicatur,</span> <span class='ocrx_word' id='word_1_138' title='bbox 714 1281 755 1316; x_wconf 88' lang='lat' dir='ltr'>et</span> <span class='ocrx_word' id='word_1_139' title='bbox 789 1271 877 1316; x_wconf 88' lang='lat' dir='ltr'>hoc</span> <span class='ocrx_word' id='word_1_140' title='bbox 911 1272 1030 1333; x_wconf 85' lang='lat' dir='ltr'>apud</span> <span class='ocrx_word' id='word_1_141' title='bbox 1062 1271 1299 1318; x_wconf 72' lang='lat' dir='ltr'>infideles1.</span> <span class='ocrx_word' id='word_1_142' title='bbox 1335 1293 1355 1312; x_wconf 89' lang='lat'>»</span> <span class='ocrx_word' id='word_1_143' title='bbox 1387 1273 1499 1316; x_wconf 87' lang='lat' dir='ltr'>Nam</span> <span class='ocrx_word' id='word_1_144' title='bbox 1527 1282 1568 1315; x_wconf 89' lang='lat' dir='ltr'>et</span> <span class='ocrx_word' id='word_1_145' title='bbox 1601 1271 1676 1317; x_wconf 88' lang='lat' dir='ltr'>hic</span> 
     </span>
     <span class='ocr_line' id='line_1_21' title="bbox 298 1340 1677 1408; baseline -0.003 -19"><span class='ocrx_word' id='word_1_146' title='bbox 298 1353 443 1408; x_wconf 85' lang='lat' dir='ltr'>posset</span> <span class='ocrx_word' id='word_1_147' title='bbox 477 1341 625 1405; x_wconf 85' lang='lat' dir='ltr'>putari</span> <span class='ocrx_word' id='word_1_148' title='bbox 653 1340 873 1400; x_wconf 82' lang='lat' dir='ltr'>judicium</span> <span class='ocrx_word' id='word_1_149' title='bbox 909 1341 1072 1386; x_wconf 86' lang='lat' dir='ltr'>habere</span> <span class='ocrx_word' id='word_1_150' title='bbox 1104 1341 1304 1387; x_wconf 78' lang='lat' dir='ltr'>adversus</span> <span class='ocrx_word' id='word_1_151' title='bbox 1340 1342 1551 1395; x_wconf 81' lang='lat' dir='ltr'>alterum,</span> <span class='ocrx_word' id='word_1_152' title='bbox 1588 1357 1677 1385; x_wconf 89' lang='lat' dir='ltr'>non</span> 
     </span>
     <span class='ocr_line' id='line_1_22' title="bbox 299 1410 1678 1476; baseline -0.002 -16"><span class='ocrx_word' id='word_1_153' title='bbox 299 1430 386 1460; x_wconf 90' lang='lat' dir='ltr'>esse</span> <span class='ocrx_word' id='word_1_154' title='bbox 405 1422 638 1476; x_wconf 89' lang='lat' dir='ltr'>peccatum</span> <span class='ocrx_word' id='word_1_155' title='bbox 655 1447 666 1466; x_wconf 84' lang='lat'>‚</span> <span class='ocrx_word' id='word_1_156' title='bbox 689 1410 764 1456; x_wconf 86' lang='lat' dir='ltr'>sed</span> <span class='ocrx_word' id='word_1_157' title='bbox 783 1411 1087 1456; x_wconf 87' lang='lat' dir='ltr'>tantummodo</span> <span class='ocrx_word' id='word_1_158' title='bbox 1107 1411 1153 1457; x_wconf 86' lang='lat' dir='ltr'>id</span> <span class='ocrx_word' id='word_1_159' title='bbox 1178 1422 1294 1456; x_wconf 84' lang='lat' dir='ltr'>extra</span> <span class='ocrx_word' id='word_1_160' title='bbox 1312 1411 1551 1456; x_wconf 82' lang='lat' dir='ltr'>Ecclesiam</span> <span class='ocrx_word' id='word_1_161' title='bbox 1570 1410 1678 1457; x_wconf 85' lang='lat' dir='ltr'>velle</span> 
     </span>
     <span class='ocr_line' id='line_1_23' title="bbox 294 1480 1678 1544; baseline -0.003 -15"><span class='ocrx_word' id='word_1_162' title='bbox 294 1482 516 1544; x_wconf 78' lang='lat' dir='ltr'>judicari,</span> <span class='ocrx_word' id='word_1_163' title='bbox 540 1480 621 1526; x_wconf 83' lang='lat' dir='ltr'>nisi</span> <span class='ocrx_word' id='word_1_164' title='bbox 638 1490 810 1525; x_wconf 87' lang='lat' dir='ltr'>secutus</span> <span class='ocrx_word' id='word_1_165' title='bbox 841 1480 1093 1539; x_wconf 84' lang='lat' dir='ltr'>adjungeret</span> <span class='ocrx_word' id='word_1_166' title='bbox 1116 1498 1127 1525; x_wconf 76' lang='lat' dir='ltr'>z</span> <span class='ocrx_word' id='word_1_167' title='bbox 1151 1502 1171 1521; x_wconf 85' lang='lat'>«</span> <span class='ocrx_word' id='word_1_168' title='bbox 1188 1481 1212 1525; x_wconf 82' lang='lat' dir='ltr'><strong>J</strong></span> <span class='ocrx_word' id='word_1_169' title='bbox 1219 1498 1286 1526; x_wconf 92' lang='lat' dir='ltr'>am</span> <span class='ocrx_word' id='word_1_170' title='bbox 1308 1480 1486 1543; x_wconf 88' lang='lat' dir='ltr'>quidem</span> <span class='ocrx_word' id='word_1_171' title='bbox 1500 1481 1678 1525; x_wconf 90' lang='lat' dir='ltr'>omnino</span> 
     </span>
     <span class='ocr_line' id='line_1_24' title="bbox 300 1550 1681 1612; baseline 0 -16"><span class='ocrx_word' id='word_1_172' title='bbox 300 1575 323 1596; x_wconf 83' lang='lat'>))</span> <span class='ocrx_word' id='word_1_173' title='bbox 341 1553 552 1603; x_wconf 89' lang='lat' dir='ltr'>delictum</span> <span class='ocrx_word' id='word_1_174' title='bbox 571 1560 634 1596; x_wconf 86' lang='lat' dir='ltr'>est</span> <span class='ocrx_word' id='word_1_175' title='bbox 652 1586 663 1605; x_wconf 86' lang='lat'>‚</span> <span class='ocrx_word' id='word_1_176' title='bbox 701 1550 804 1612; x_wconf 87' lang='lat' dir='ltr'>quia</span> <span class='ocrx_word' id='word_1_177' title='bbox 827 1550 997 1609; x_wconf 82' lang='lat' dir='ltr'>judicia</span> <span class='ocrx_word' id='word_1_178' title='bbox 1029 1551 1200 1596; x_wconf 86' lang='lat' dir='ltr'>habetis</span> <span class='ocrx_word' id='word_1_179' title='bbox 1220 1551 1464 1596; x_wconf 87' lang='lat' dir='ltr'>vobiscum.</span> <span class='ocrx_word' id='word_1_180' title='bbox 1490 1572 1511 1592; x_wconf 86' lang='lat'>»</span> <span class='ocrx_word' id='word_1_181' title='bbox 1547 1552 1605 1595; x_wconf 90' lang='lat' dir='ltr'>Et</span> <span class='ocrx_word' id='word_1_182' title='bbox 1627 1567 1681 1596; x_wconf 90' lang='lat' dir='ltr'>ne</span> 
     </span>
     <span class='ocr_line' id='line_1_25' title="bbox 302 1619 1681 1688; baseline -0.002 -19"><span class='ocrx_word' id='word_1_183' title='bbox 302 1624 534 1688; x_wconf 87' lang='lat' dir='ltr'>quisquam</span> <span class='ocrx_word' id='word_1_184' title='bbox 561 1619 650 1665; x_wconf 89' lang='lat' dir='ltr'>hoc</span> <span class='ocrx_word' id='word_1_185' title='bbox 678 1620 738 1665; x_wconf 91' lang='lat' dir='ltr'>ita</span> <span class='ocrx_word' id='word_1_186' title='bbox 764 1631 1007 1676; x_wconf 80' lang='lat' dir='ltr'>excusaret,</span> <span class='ocrx_word' id='word_1_187' title='bbox 1029 1631 1078 1666; x_wconf 93' lang='lat' dir='ltr'>ut</span> <span class='ocrx_word' id='word_1_188' title='bbox 1097 1621 1260 1667; x_wconf 84' lang='lat' dir='ltr'>diceret</span> <span class='ocrx_word' id='word_1_189' title='bbox 1274 1624 1440 1680; x_wconf 84' lang='lat' dir='ltr'>justum</span> <span class='ocrx_word' id='word_1_190' title='bbox 1460 1638 1502 1666; x_wconf 88' lang='lat' dir='ltr'>se</span> <span class='ocrx_word' id='word_1_191' title='bbox 1519 1620 1681 1666; x_wconf 88' lang='lat' dir='ltr'>habere</span> 
     </span>
     <span class='ocr_line' id='line_1_26' title="bbox 300 1689 1681 1754; baseline -0.002 -16"><span class='ocrx_word' id='word_1_192' title='bbox 300 1693 523 1753; x_wconf 81' lang='lat' dir='ltr'>negotium</span> <span class='ocrx_word' id='word_1_193' title='bbox 538 1728 550 1747; x_wconf 84' lang='lat'>‚</span> <span class='ocrx_word' id='word_1_194' title='bbox 579 1690 652 1735; x_wconf 89' lang='lat' dir='ltr'>sed</span> <span class='ocrx_word' id='word_1_195' title='bbox 670 1689 945 1753; x_wconf 88' lang='lat' dir='ltr'>iniquitatem</span> <span class='ocrx_word' id='word_1_196' title='bbox 965 1707 1007 1736; x_wconf 89' lang='lat' dir='ltr'>se</span> <span class='ocrx_word' id='word_1_197' title='bbox 1027 1692 1143 1753; x_wconf 81' lang='lat' dir='ltr'>pati,</span> <span class='ocrx_word' id='word_1_198' title='bbox 1167 1708 1301 1754; x_wconf 90' lang='lat' dir='ltr'>quam</span> <span class='ocrx_word' id='word_1_199' title='bbox 1319 1691 1448 1737; x_wconf 90' lang='lat' dir='ltr'>vellet</span> <span class='ocrx_word' id='word_1_200' title='bbox 1467 1708 1490 1735; x_wconf 90' lang='lat' dir='ltr'>a</span> <span class='ocrx_word' id='word_1_201' title='bbox 1508 1708 1550 1736; x_wconf 91' lang='lat' dir='ltr'>se</span> <span class='ocrx_word' id='word_1_202' title='bbox 1564 1690 1681 1750; x_wconf 85' lang='lat' dir='ltr'>judi-</span> 
     </span>
     <span class='ocr_line' id='line_1_27' title="bbox 303 1759 1684 1819; baseline -0.003 -10"><span class='ocrx_word' id='word_1_203' title='bbox 303 1780 407 1809; x_wconf 74' lang='lat' dir='ltr'>cum</span> <span class='ocrx_word' id='word_1_204' title='bbox 428 1759 636 1807; x_wconf 76' lang='lat' dir='ltr'>sententia</span> <span class='ocrx_word' id='word_1_205' title='bbox 664 1760 875 1805; x_wconf 87' lang='lat' dir='ltr'>removeri</span> <span class='ocrx_word' id='word_1_206' title='bbox 898 1777 911 1804; x_wconf 74' lang='grc' dir='ltr'><strong>ι</strong></span> <span class='ocrx_word' id='word_1_207' title='bbox 931 1761 1141 1807; x_wconf 89' lang='lat' dir='ltr'>continuo</span> <span class='ocrx_word' id='word_1_208' title='bbox 1158 1761 1320 1806; x_wconf 89' lang='lat' dir='ltr'>talibus</span> <span class='ocrx_word' id='word_1_209' title='bbox 1343 1761 1684 1819; x_wconf 81' lang='lat' dir='ltr'>cogitationibus</span> 
     </span>
     <span class='ocr_line' id='line_1_28' title="bbox 304 1829 1684 1894; baseline -0.004 -15"><span class='ocrx_word' id='word_1_210' title='bbox 304 1833 376 1883; x_wconf 79' lang='lat' dir='ltr'>vel</span> <span class='ocrx_word' id='word_1_211' title='bbox 397 1829 746 1878; x_wconf 82' lang='lat' dir='ltr'>excusationibus</span> <span class='ocrx_word' id='word_1_212' title='bbox 767 1830 965 1875; x_wconf 89' lang='lat' dir='ltr'>occurrit</span> <span class='ocrx_word' id='word_1_213' title='bbox 980 1867 991 1886; x_wconf 85' lang='lat'>‚</span> <span class='ocrx_word' id='word_1_214' title='bbox 1017 1841 1147 1894; x_wconf 84' lang='lat' dir='ltr'>atque</span> <span class='ocrx_word' id='word_1_215' title='bbox 1167 1831 1227 1875; x_wconf 90' lang='lat' dir='ltr'>ait</span> <span class='ocrx_word' id='word_1_216' title='bbox 1247 1848 1257 1875; x_wconf 76' lang='grc' dir='ltr'>ε</span> <span class='ocrx_word' id='word_1_217' title='bbox 1287 1850 1308 1871; x_wconf 77' lang='grc' dir='ltr'>α</span> <span class='ocrx_word' id='word_1_218' title='bbox 1328 1830 1475 1886; x_wconf 87' lang='lat' dir='ltr'>Quare</span> <span class='ocrx_word' id='word_1_219' title='bbox 1490 1846 1578 1875; x_wconf 91' lang='lat' dir='ltr'>non</span> <span class='ocrx_word' id='word_1_220' title='bbox 1594 1846 1684 1874; x_wconf 87' lang='lat' dir='ltr'>ma-</span> 
     </span>
     <span class='ocr_line' id='line_1_29' title="bbox 305 1899 1685 1964; baseline -0.004 -19"><span class='ocrx_word' id='word_1_221' title='bbox 305 1924 327 1945; x_wconf 83' lang='lat'>»</span> <span class='ocrx_word' id='word_1_222' title='bbox 348 1903 411 1962; x_wconf 86' lang='lat' dir='ltr'>gis</span> <span class='ocrx_word' id='word_1_223' title='bbox 423 1901 698 1964; x_wconf 85' lang='lat' dir='ltr'>iniquitatem</span> <span class='ocrx_word' id='word_1_224' title='bbox 714 1899 938 1962; x_wconf 69' lang='lat' dir='ltr'>patimini?</span> <span class='ocrx_word' id='word_1_225' title='bbox 954 1917 1087 1963; x_wconf 87' lang='lat' dir='ltr'>quare</span> <span class='ocrx_word' id='word_1_226' title='bbox 1103 1919 1191 1946; x_wconf 89' lang='lat' dir='ltr'>non</span> <span class='ocrx_word' id='word_1_227' title='bbox 1208 1901 1354 1964; x_wconf 88' lang='lat' dir='ltr'>potius</span> <span class='ocrx_word' id='word_1_228' title='bbox 1368 1899 1652 1946; x_wconf 71' lang='lat' dir='ltr'>fraudamini?</span> <span class='ocrx_word' id='word_1_229' title='bbox 1665 1921 1685 1941; x_wconf 90' lang='lat'>»</span> 
     </span>
     <span class='ocr_line' id='line_1_30' title="bbox 308 1969 1686 2033; baseline -0.003 -15"><span class='ocrx_word' id='word_1_230' title='bbox 308 1973 369 2018; x_wconf 89' lang='lat' dir='ltr'>Ut</span> <span class='ocrx_word' id='word_1_231' title='bbox 392 1971 447 2017; x_wconf 88' lang='lat' dir='ltr'>ad</span> <span class='ocrx_word' id='word_1_232' title='bbox 471 1970 582 2016; x_wconf 88' lang='lat' dir='ltr'>illud</span> <span class='ocrx_word' id='word_1_233' title='bbox 604 1970 805 2016; x_wconf 84' lang='lat' dir='ltr'>redeatur</span> <span class='ocrx_word' id='word_1_234' title='bbox 820 2006 831 2025; x_wconf 84' lang='grc'>,</span> <span class='ocrx_word' id='word_1_235' title='bbox 862 1970 983 2032; x_wconf 87' lang='lat' dir='ltr'>quod</span> <span class='ocrx_word' id='word_1_236' title='bbox 1008 1972 1222 2017; x_wconf 87' lang='lat' dir='ltr'>Dominus</span> <span class='ocrx_word' id='word_1_237' title='bbox 1254 1971 1311 2016; x_wconf 90' lang='lat' dir='ltr'>ait</span> <span class='ocrx_word' id='word_1_238' title='bbox 1335 1988 1346 2015; x_wconf 79' lang='lat' dir='ltr'><strong><em>z</em></strong></span> <span class='ocrx_word' id='word_1_239' title='bbox 1385 1991 1404 2011; x_wconf 73' lang='grc' dir='ltr'>ε(</span> <span class='ocrx_word' id='word_1_240' title='bbox 1425 1970 1470 2015; x_wconf 86' lang='lat' dir='ltr'>Si</span> <span class='ocrx_word' id='word_1_241' title='bbox 1485 1969 1583 2033; x_wconf 90' lang='lat' dir='ltr'>quis</span> <span class='ocrx_word' id='word_1_242' title='bbox 1603 1986 1686 2014; x_wconf 91' lang='lat' dir='ltr'>vo-</span> 
     </span>
     <span class='ocr_line' id='line_1_31' title="bbox 308 2040 1687 2101; baseline -0.001 -15"><span class='ocrx_word' id='word_1_243' title='bbox 308 2065 330 2086; x_wconf 79' lang='grc'>»</span> <span class='ocrx_word' id='word_1_244' title='bbox 348 2042 479 2089; x_wconf 89' lang='lat' dir='ltr'>luerit</span> <span class='ocrx_word' id='word_1_245' title='bbox 503 2041 698 2086; x_wconf 88' lang='lat' dir='ltr'>tunicam</span> <span class='ocrx_word' id='word_1_246' title='bbox 716 2050 838 2085; x_wconf 86' lang='lat' dir='ltr'>tuam</span> <span class='ocrx_word' id='word_1_247' title='bbox 859 2040 1010 2086; x_wconf 87' lang='lat' dir='ltr'>tollere</span> <span class='ocrx_word' id='word_1_248' title='bbox 1032 2077 1042 2096; x_wconf 71' lang='lat'><em>‚</em></span> <span class='ocrx_word' id='word_1_249' title='bbox 1077 2053 1119 2087; x_wconf 89' lang='lat' dir='ltr'>et</span> <span class='ocrx_word' id='word_1_250' title='bbox 1143 2041 1313 2101; x_wconf 87' lang='lat' dir='ltr'>judicio</span> <span class='ocrx_word' id='word_1_251' title='bbox 1336 2051 1481 2086; x_wconf 87' lang='lat' dir='ltr'>tecum</span> <span class='ocrx_word' id='word_1_252' title='bbox 1503 2050 1687 2085; x_wconf 90' lang='lat' dir='ltr'>conten-</span> 
     </span>
     <span class='ocr_line' id='line_1_32' title="bbox 308 2109 1688 2172; baseline -0.001 -16"><span class='ocrx_word' id='word_1_253' title='bbox 308 2136 330 2156; x_wconf 85' lang='lat'><strong><em>»</em></strong></span> <span class='ocrx_word' id='word_1_254' title='bbox 350 2113 450 2164; x_wconf 85' lang='lat' dir='ltr'>dere</span> <span class='ocrx_word' id='word_1_255' title='bbox 467 2148 478 2168; x_wconf 83' lang='grc'>,</span> <span class='ocrx_word' id='word_1_256' title='bbox 508 2110 680 2155; x_wconf 86' lang='lat' dir='ltr'>dimitte</span> <span class='ocrx_word' id='word_1_257' title='bbox 704 2109 767 2154; x_wconf 92' lang='lat' dir='ltr'>illi</span> <span class='ocrx_word' id='word_1_258' title='bbox 795 2120 836 2154; x_wconf 91' lang='lat' dir='ltr'>et</span> <span class='ocrx_word' id='word_1_259' title='bbox 871 2110 1100 2172; x_wconf 80' lang='lat' dir='ltr'>pallium2.</span> <span class='ocrx_word' id='word_1_260' title='bbox 1138 2133 1157 2154; x_wconf 82' lang='lat'>›&gt;</span> <span class='ocrx_word' id='word_1_261' title='bbox 1183 2114 1239 2157; x_wconf 89' lang='lat' dir='ltr'>Et</span> <span class='ocrx_word' id='word_1_262' title='bbox 1266 2112 1349 2157; x_wconf 90' lang='lat' dir='ltr'>alio</span> <span class='ocrx_word' id='word_1_263' title='bbox 1376 2110 1474 2155; x_wconf 91' lang='lat' dir='ltr'>loco</span> <span class='ocrx_word' id='word_1_264' title='bbox 1508 2128 1518 2155; x_wconf 79' lang='lat' dir='ltr'><strong><em>z</em></strong></span> <span class='ocrx_word' id='word_1_265' title='bbox 1559 2130 1580 2152; x_wconf 66' lang='grc' dir='ltr'>(ι</span> <span class='ocrx_word' id='word_1_266' title='bbox 1600 2109 1688 2166; x_wconf 87' lang='lat' dir='ltr'>Qui</span> 
     </span>
     <span class='ocr_line' id='line_1_33' title="bbox 307 2179 1689 2243; baseline -0.002 -17"><span class='ocrx_word' id='word_1_267' title='bbox 307 2205 329 2226; x_wconf 64' lang='lat'>&gt;³</span> <span class='ocrx_word' id='word_1_268' title='bbox 349 2181 590 2234; x_wconf 87' lang='lat' dir='ltr'>abstulerit,</span> <span class='ocrx_word' id='word_1_269' title='bbox 618 2179 777 2241; x_wconf 84' lang='lat' dir='ltr'>inquit,</span> <span class='ocrx_word' id='word_1_270' title='bbox 807 2190 897 2234; x_wconf 83' lang='lat' dir='ltr'>tua,</span> <span class='ocrx_word' id='word_1_271' title='bbox 922 2180 1012 2225; x_wconf 89' lang='lat' dir='ltr'>noli</span> <span class='ocrx_word' id='word_1_272' title='bbox 1039 2180 1277 2243; x_wconf 75' lang='lat' dir='ltr'>repetere3&#39;.</span> <span class='ocrx_word' id='word_1_273' title='bbox 1304 2202 1322 2220; x_wconf 88' lang='lat'>»</span> <span class='ocrx_word' id='word_1_274' title='bbox 1347 2180 1586 2224; x_wconf 86' lang='lat' dir='ltr'>Prohibuit</span> <span class='ocrx_word' id='word_1_275' title='bbox 1602 2179 1689 2224; x_wconf 88' lang='lat' dir='ltr'>ita-</span> 
     </span>
     <span class='ocr_line' id='line_1_34' title="bbox 309 2248 1690 2318; baseline -0.003 -20"><span class='ocrx_word' id='word_1_276' title='bbox 309 2270 394 2318; x_wconf 91' lang='lat' dir='ltr'>que</span> <span class='ocrx_word' id='word_1_277' title='bbox 415 2268 515 2302; x_wconf 87' lang='lat' dir='ltr'>suos</span> <span class='ocrx_word' id='word_1_278' title='bbox 540 2249 593 2295; x_wconf 83' lang='lat' dir='ltr'>de</span> <span class='ocrx_word' id='word_1_279' title='bbox 619 2248 901 2294; x_wconf 82' lang='lat' dir='ltr'>saecularibus</span> <span class='ocrx_word' id='word_1_280' title='bbox 928 2250 1057 2295; x_wconf 90' lang='lat' dir='ltr'>rebus</span> <span class='ocrx_word' id='word_1_281' title='bbox 1082 2267 1183 2296; x_wconf 88' lang='lat' dir='ltr'>cum</span> <span class='ocrx_word' id='word_1_282' title='bbox 1201 2249 1293 2295; x_wconf 88' lang='lat' dir='ltr'>aliis</span> <span class='ocrx_word' id='word_1_283' title='bbox 1318 2249 1574 2294; x_wconf 86' lang='lat' dir='ltr'>hominibus</span> <span class='ocrx_word' id='word_1_284' title='bbox 1604 2249 1690 2295; x_wconf 88' lang='lat' dir='ltr'>ha-</span> 
     </span>
     <span class='ocr_line' id='line_1_35' title="bbox 307 2318 1691 2382; baseline -0.004 -13"><span class='ocrx_word' id='word_1_285' title='bbox 307 2325 411 2370; x_wconf 90' lang='lat' dir='ltr'>bere</span> <span class='ocrx_word' id='word_1_286' title='bbox 431 2321 649 2382; x_wconf 58' lang='lat' dir='ltr'>Judicium</span> <span class='ocrx_word' id='word_1_287' title='bbox 673 2336 685 2363; x_wconf 75' lang='grc' dir='ltr'>ε</span> <span class='ocrx_word' id='word_1_288' title='bbox 713 2336 761 2363; x_wconf 88' lang='lat' dir='ltr'>ex</span> <span class='ocrx_word' id='word_1_289' title='bbox 786 2335 873 2381; x_wconf 88' lang='lat' dir='ltr'>qua</span> <span class='ocrx_word' id='word_1_290' title='bbox 898 2318 1097 2365; x_wconf 87' lang='lat' dir='ltr'>doctrina</span> <span class='ocrx_word' id='word_1_291' title='bbox 1124 2320 1357 2382; x_wconf 86' lang='lat' dir='ltr'>Apostolus</span> <span class='ocrx_word' id='word_1_292' title='bbox 1381 2319 1490 2365; x_wconf 86' lang='lat' dir='ltr'>dicit</span> <span class='ocrx_word' id='word_1_293' title='bbox 1509 2336 1596 2364; x_wconf 86' lang='lat' dir='ltr'>esse</span> <span class='ocrx_word' id='word_1_294' title='bbox 1619 2318 1691 2364; x_wconf 87' lang='lat' dir='ltr'>de-</span> 
     </span>
     <span class='ocr_line' id='line_1_36' title="bbox 309 2389 1691 2448; baseline -0.004 -9"><span class='ocrx_word' id='word_1_295' title='bbox 309 2394 480 2444; x_wconf 84' lang='lat' dir='ltr'>lictum.</span> <span class='ocrx_word' id='word_1_296' title='bbox 512 2391 676 2441; x_wconf 80' lang='lat' dir='ltr'>Tamen</span> <span class='ocrx_word' id='word_1_297' title='bbox 707 2405 809 2434; x_wconf 91' lang='lat' dir='ltr'>cum</span> <span class='ocrx_word' id='word_1_298' title='bbox 833 2389 934 2434; x_wconf 86' lang='lat' dir='ltr'>sinit</span> <span class='ocrx_word' id='word_1_299' title='bbox 958 2390 1003 2435; x_wconf 90' lang='lat' dir='ltr'>in</span> <span class='ocrx_word' id='word_1_300' title='bbox 1034 2391 1228 2436; x_wconf 86' lang='lat' dir='ltr'>Ecclesia</span> <span class='ocrx_word' id='word_1_301' title='bbox 1256 2389 1358 2435; x_wconf 85' lang='lat' dir='ltr'>talia</span> <span class='ocrx_word' id='word_1_302' title='bbox 1381 2389 1550 2448; x_wconf 84' lang='lat' dir='ltr'>J&#39;udicia</span> <span class='ocrx_word' id='word_1_303' title='bbox 1576 2389 1691 2434; x_wconf 86' lang='lat' dir='ltr'>finiri</span> 
     </span>
     <span class='ocr_line' id='line_1_37' title="bbox 310 2458 1689 2519; baseline -0.005 -9"><span class='ocrx_word' id='word_1_304' title='bbox 310 2465 422 2513; x_wconf 87' lang='lat' dir='ltr'>inter</span> <span class='ocrx_word' id='word_1_305' title='bbox 439 2462 595 2509; x_wconf 88' lang='lat' dir='ltr'>fratres</span> <span class='ocrx_word' id='word_1_306' title='bbox 616 2459 826 2505; x_wconf 86' lang='lat' dir='ltr'>fratribus</span> <span class='ocrx_word' id='word_1_307' title='bbox 841 2460 1144 2519; x_wconf 84' lang='lat' dir='ltr'>judicantibus</span> <span class='ocrx_word' id='word_1_308' title='bbox 1160 2498 1170 2516; x_wconf 77' lang='lat'>‚</span> <span class='ocrx_word' id='word_1_309' title='bbox 1199 2471 1314 2505; x_wconf 85' lang='lat' dir='ltr'>extra</span> <span class='ocrx_word' id='word_1_310' title='bbox 1335 2458 1572 2504; x_wconf 85' lang='lat' dir='ltr'>Ecclesiam</span> <span class='ocrx_word' id='word_1_311' title='bbox 1587 2475 1689 2504; x_wconf 88' lang='lat' dir='ltr'>vero</span> 
     </span>
     <span class='ocr_line' id='line_1_38' title="bbox 305 2528 1690 2592; baseline -0.004 -13"><span class='ocrx_word' id='word_1_312' title='bbox 305 2531 557 2583; x_wconf 86' lang='lat' dir='ltr'>terribiliter</span> <span class='ocrx_word' id='word_1_313' title='bbox 578 2540 692 2575; x_wconf 83' lang='lat' dir='ltr'>vetat</span> <span class='ocrx_word' id='word_1_314' title='bbox 715 2529 753 2586; x_wconf 58' lang='grc' dir='ltr'>Δ,</span> <span class='ocrx_word' id='word_1_315' title='bbox 782 2529 1057 2576; x_wconf 86' lang='lat' dir='ltr'>manifestum</span> <span class='ocrx_word' id='word_1_316' title='bbox 1082 2541 1143 2576; x_wconf 91' lang='lat' dir='ltr'>est</span> <span class='ocrx_word' id='word_1_317' title='bbox 1159 2530 1292 2576; x_wconf 87' lang='lat' dir='ltr'>etiam</span> <span class='ocrx_word' id='word_1_318' title='bbox 1310 2529 1385 2574; x_wconf 89' lang='lat' dir='ltr'>hic</span> <span class='ocrx_word' id='word_1_319' title='bbox 1408 2528 1517 2592; x_wconf 87' lang='lat' dir='ltr'>quid</span> <span class='ocrx_word' id='word_1_320' title='bbox 1537 2545 1690 2574; x_wconf 89' lang='lat' dir='ltr'>secun-</span> 
     </span>
    </p>

    <p class='ocr_par' dir='ltr' id='par_1_10' title="bbox 361 2609 1691 2655">
     <span class='ocr_line' id='line_1_39' title="bbox 361 2609 1691 2655; baseline -0.002 -9"><span class='ocrx_word' id='word_1_321' title='bbox 361 2615 372 2637; x_wconf 86' lang='lat'>1</span> <span class='ocrx_word' id='word_1_322' title='bbox 398 2626 408 2646; x_wconf 85' lang='lat'>1</span> <span class='ocrx_word' id='word_1_323' title='bbox 427 2617 500 2646; x_wconf 79' lang='lat' dir='ltr'>Cor.</span> <span class='ocrx_word' id='word_1_324' title='bbox 522 2624 564 2650; x_wconf 82' lang='grc' dir='ltr'>νι,</span> <span class='ocrx_word' id='word_1_325' title='bbox 583 2611 738 2645; x_wconf 83' lang='lat'><strong>1-6.—²</strong></span> <span class='ocrx_word' id='word_1_326' title='bbox 753 2613 872 2647; x_wconf 78' lang='lat' dir='ltr'>Manli.</span> <span class='ocrx_word' id='word_1_327' title='bbox 895 2624 924 2652; x_wconf 86' lang='lat' dir='ltr'>v,</span> <span class='ocrx_word' id='word_1_328' title='bbox 954 2620 1005 2650; x_wconf 76' lang='lat'>40-</span> <span class='ocrx_word' id='word_1_329' title='bbox 1034 2632 1076 2638; x_wconf 94' lang='lat'><strong>—</strong></span> <span class='ocrx_word' id='word_1_330' title='bbox 1102 2611 1116 2636; x_wconf 85' lang='lat'><strong>3</strong></span> <span class='ocrx_word' id='word_1_331' title='bbox 1141 2616 1216 2645; x_wconf 93' lang='lat' dir='ltr'>Luc.</span> <span class='ocrx_word' id='word_1_332' title='bbox 1238 2624 1282 2655; x_wconf 77' lang='lat' dir='ltr'>vx,</span> <span class='ocrx_word' id='word_1_333' title='bbox 1304 2614 1356 2646; x_wconf 83' lang='lat'>30.</span> <span class='ocrx_word' id='word_1_334' title='bbox 1373 2631 1416 2636; x_wconf 84' lang='lat'>—</span> <span class='ocrx_word' id='word_1_335' title='bbox 1435 2609 1451 2634; x_wconf 73' lang='lat'>⁴</span> <span class='ocrx_word' id='word_1_336' title='bbox 1475 2624 1487 2643; x_wconf 92' lang='lat'>1</span> <span class='ocrx_word' id='word_1_337' title='bbox 1509 2614 1584 2646; x_wconf 85' lang='lat' dir='ltr'>Cor.</span> <span class='ocrx_word' id='word_1_338' title='bbox 1601 2614 1691 2649; x_wconf 86' lang='lat' dir='ltr'><strong>v1,6·</strong></span> 
     </span>
    </p>
   </div>
  </div>
 </body>
</html>
