1758 3246
364 271 416 299 1)ss
456 271 575 299 nouo
610 267 892 307 viourrA'ris,
933 271 1018 301 1111.
1064 274 1089 300 1.
1317 254 1407 317 347

43 337 123 382 tire
151 336 268 381 nefas
292 347 385 390 est,
411 334 657 380 adulterum
685 334 842 391 faciat,
868 336 939 380 cui
959 336 1130 382 vivente
1152 337 1307 383 marito
1325 353 1412 383 nu-

43 406 123 452 bit.
145 405 315 450 Deinde
328 421 427 450 cum
445 404 600 466 primae
620 406 785 467 nuptiae
804 405 993 449 melioris
1011 405 1096 450 sint
1115 407 1257 452 meriti
1275 424 1410 470 quam

41 475 243 522 secundae
260 512 271 531 ,
304 474 415 520 absit
440 484 488 518 ut
513 485 758 519 sanctarum
790 474 1021 520 viduarum
1048 476 1123 520 iste
1153 476 1205 520 sit
1241 492 1409 532 sensus,

43 556 91 591 ut
118 545 319 591 Christus
342 544 399 588 cis
423 543 620 589 videatur
644 545 765 607 quasi
797 544 1013 590 secundus
1036 545 1229 591 maritus.
1263 546 1415 608 Ipsum

42 615 154 661 enim
178 614 404 659 habebant
422 624 464 659 et
488 625 609 660 antea
630 651 641 670 ,
675 615 852 678 quando
877 615 978 661 viris
1007 616 1092 660 suis
1120 615 1306 660 fideliter
1329 632 1413 660 ser-

43 685 218 732 viebant
241 683 429 729 subditae
444 721 454 739 ,
481 701 568 728 non
594 684 845 740 carnaliter,
865 685 938 730 sed
965 685 1216 747 spiritaliter
1231 683 1373 731 virum
1399 702 1410 728 :

43 755 113 801 cui
137 754 328 800 Ecclesia
351 754 442 816 ipsa
462 790 473 810 ,
498 757 620 814 cujus
640 755 834 800 membra
863 766 966 800 sunt
981 793 991 811 ,
1016 759 1175 815 conjux
1202 765 1287 808 est;
1314 772 1415 818 quae

42 824 142 869 fidei
162 861 173 879 ,
201 824 319 886 spei,
347 824 572 869 charitatis
595 825 861 884 integritate,
889 843 976 871 non
996 827 1040 871 in
1056 826 1155 871 solis
1173 826 1416 885 virginibus

43 893 223 948 sanctis,
251 892 321 937 sed
346 894 473 938 etiam
500 894 545 938 in
565 894 707 939 viduis
732 905 773 939 et
803 896 1043 955 conjugatis
1070 895 1273 941 fidelibus
1291 933 1303 952 ,
1325 905 1415 940 tota

42 962 161 1021 virgo
187 972 262 1007 est.
301 963 523 1007 Universae
557 963 723 1026 quippe
759 964 988 1020 Ecclesiae,
1015 969 1139 1025 cujus
1163 965 1236 1010 illa
1271 964 1417 1010 omnia

0 1067 1 1074 ,
42 1032 238 1077 membra
263 1042 363 1076 sunt
381 1068 391 1085 ‚
434 1032 666 1094 Apostolus
705 1033 814 1078 dicit
838 1051 848 1077 ε
889 1054 910 1075 ε(
938 1034 1097 1097 Aptavi
1124 1051 1199 1080 vos
1227 1033 1416 1079 univiro

0 1109 1 1138 1
42 1101 291 1160 »virginem
314 1112 473 1147 castam
501 1102 702 1146 exhibere
727 1102 948 1149 Christo1.
975 1125 995 1144 »
1022 1104 1154 1149 Novit
1178 1114 1321 1148 autem
1344 1103 1417 1148 ille

0 1224 2 1239 ι
42 1174 270 1231 conjugem
307 1172 517 1230 virginem
553 1172 641 1216 sine
673 1173 955 1234 corruptione
986 1173 1167 1228 foetare,
1207 1189 1339 1235 quem
1371 1172 1418 1216 in

42 1241 135 1303 ipsa
153 1242 281 1285 etiam
297 1245 425 1285 carne
439 1241 588 1303 potuit
607 1251 744 1285 mater
763 1241 852 1285 sine
871 1242 1150 1304 corruptione
1167 1258 1412 1304 procreare.

43 1310 111 1355 Fit
147 1320 291 1355 autem
332 1326 410 1372 per
448 1310 564 1354 hanc
607 1309 751 1354 minus
789 1310 1105 1356 consideratam
1134 1311 1384 1374 opinionem
1403 1347 1414 1365 ,

44 1397 128 1443 qua
149 1391 309 1443 putant
327 1380 549 1442 lapsarum
572 1397 594 1424 a
617 1390 766 1425 sancto
794 1381 1018 1443 proposito
1043 1381 1327 1427 foeminarum
1346 1417 1356 1435 ,
1384 1380 1418 1426 si

44 1451 294 1513 nupserint,
323 1466 411 1494 non
428 1466 514 1494 esse
540 1449 742 1508 conjugia
762 1486 772 1505 ,
801 1467 885 1494 non
906 1467 1092 1512 parvum
1111 1451 1274 1496 malum
1289 1487 1300 1505 ,
1324 1459 1374 1495 ut
1393 1468 1416 1494 a

43 1519 207 1565 maritis
230 1530 490 1582 separentur
508 1535 655 1564 uxores
678 1519 801 1581 quasi
826 1520 1036 1566 adulterae
1062 1521 1148 1566 sint
1167 1557 1177 1576 ,
1198 1537 1286 1565 non
1309 1536 1419 1565 uxo-

43 1606 133 1642 res;
166 1601 336 1635 etcum
361 1589 517 1634 volunt
549 1606 616 1633 eas
651 1599 867 1650 separatas
899 1589 1076 1635 reddere
1113 1589 1416 1644 continentiae,

43 1658 208 1705 faciunt
232 1660 406 1704 maritos
433 1676 580 1703 earum
606 1658 823 1703 adulteros
854 1676 999 1715 veros,
1033 1676 1135 1707 cum
1160 1660 1246 1705 suis
1271 1658 1420 1704 uxori-

43 1728 125 1774 bus
140 1729 249 1775 vix‘is
270 1729 420 1773 alteras
440 1728 653 1773 duxerint.

108 1799 226 1844 XIV.
270 1800 554 1860 Quapropter
580 1814 666 1842 non
686 1814 860 1859 possum
888 1798 1063 1860 quidem
1082 1798 1252 1854 dicere,
1277 1816 1299 1843 a
1318 1815 1421 1861 pro-

44 1868 184 1931 posito
209 1868 381 1913 meliore
413 1867 552 1929 lapsas
570 1904 579 1922 ,
607 1867 640 1911 si
667 1868 916 1929 nupserint,
941 1868 1144 1913 foeminas
1163 1905 1173 1923 ,
1208 1867 1422 1913 adulteria

45 1954 129 1983 esse
147 1974 157 1993 ,
181 1955 269 1982 non
293 1936 495 1996 conjugia
520 1953 530 1979 τ
559 1935 633 1980 sed
654 1936 784 1997 plane
814 1953 902 1981 non
932 1937 1224 1984 dubitaverim
1252 1936 1418 1991 dicere,

45 2007 189 2070 lapsus
212 2018 254 2052 et
271 2008 416 2052 ruinas
442 2024 463 2050 a
490 2006 684 2051 castitate
710 2007 922 2051 sanctiore
941 2044 951 2059 ,
984 2024 1083 2070 quae
1106 2017 1288 2053 vovetur
1325 2007 1422 2051 Do—

46 2078 163 2123 mino
181 2114 192 2132 ‚
221 2077 442 2122 adulteriis
466 2093 551 2120 esse
567 2079 750 2138 pejores.
778 2077 823 2121 Si
843 2077 958 2122 enim
977 2114 987 2132 ,
1009 2077 1130 2139 quod
1153 2077 1274 2122 nullo
1291 2076 1423 2121 modo

47 2146 339 2192 dubitandum
368 2156 431 2190 est
450 2182 460 2200 ,
499 2145 552 2190 ad
583 2145 860 2190 offensionem
894 2146 1058 2192 christi
1078 2147 1266 2210 pertinet
1285 2183 1295 2202 ,
1322 2163 1424 2190 cum

47 2217 291 2262 membrum
309 2219 398 2275 ejus
424 2214 552 2260 fidem
578 2231 666 2258 non
693 2226 833 2260 servat
859 2217 1046 2269 marito3
1071 2226 1234 2280 quanto
1254 2215 1424 2275 gravius

49 2286 304 2338 offenditur,
345 2302 444 2331 cum
476 2284 540 2328 illi
568 2284 651 2346 ipsi
679 2301 766 2329 non
799 2297 991 2330 servatur
1016 2286 1122 2331 fides
1144 2287 1191 2331 in
1224 2302 1273 2330 eo
1304 2283 1425 2346 quod

50 2356 174 2414 exigit
198 2355 393 2400 oblatum
411 2392 421 2410 ‚
445 2354 521 2416 qui
540 2371 629 2398 non
650 2354 842 2413 exegerat
859 2356 1154 2402 offerendum?
1179 2356 1291 2400 Cum
1310 2354 1425 2398 enim

50 2425 230 2487 quisque
256 2441 343 2469 non
364 2423 531 2476 reddit,
567 2423 686 2485 quod
720 2441 807 2468 non
831 2426 1014 2488 imperio
1051 2425 1326 2488 compulsus,
1353 2422 1425 2467 sed

53 2494 228 2539 consilio
264 2493 554 2539 commonitus
590 2492 740 2546 vovit3
785 2504 904 2540 tanto
945 2496 1078 2555 magis
1111 2492 1302 2540 fraudati
1337 2492 1427 2539 voti

102 2576 144 2606 ¹2
160 2578 234 2607 Cor.
254 2588 300 2612 xx,
321 2587 350 2605 2.
