1758 3246
317 293 410 347 354
738 306 772 336 s.
816 306 1057 337 Aucusrml
1092 300 1294 337 EPISCOPI'

315 370 363 415 id
386 368 601 423 valemus,
628 385 716 432 quo
732 370 915 430 Jubente
935 370 1217 416 admonemur
1245 388 1256 415 ε
1283 380 1325 416 et
1339 369 1436 415 ideo
1462 371 1655 435 sequitur
1670 410 1682 430 ,

317 448 366 484 ut
401 436 454 482 de
476 437 564 483 1106
589 448 711 483 tanto
736 438 854 483 bono
887 455 1054 483 sursum
1087 439 1214 485 levati
1241 437 1384 484 cordis
1402 475 1413 492 ,
1448 456 1536 484 non
1561 440 1688 487 nobis

313 506 494 566 gloriam
527 507 649 569 quasi
669 517 913 552 nostrarum
928 507 1089 552 virium
1110 508 1355 553 tribuamus
1368 544 1380 563 ,
1406 507 1481 554 sed
1500 508 1688 554 Domino

312 576 404 622 Deo
427 587 572 622 nostro
592 578 748 636 gratias
767 593 956 636 agamus.
989 577 1085 621 Hoc
1110 577 1226 622 enim
1256 578 1463 623 continuo
1488 595 1689 624 commo-

311 662 482 702 nemur,
506 647 609 709 quia
628 647 716 692 hoc
739 646 920 706 dignum
939 657 1018 702 est,
1032 646 1118 691 hoc
1131 650 1301 705 justum
1325 657 1400 694 est.
1431 647 1691 694 Recordaris

307 715 405 762 haec
418 717 551 762 verba
572 715 686 761 unde
707 716 791 761 sint
806 752 817 772 ,
837 717 952 761 intus
968 732 1055 779 qua
1075 717 1294 762 sanctione
1320 727 1362 761 et
1382 727 1547 780 quanta
1566 734 1691 763 sanc-

305 786 428 832 titate
447 785 806 832 commendentur
830 788 1035 846 agnoscis.
1064 787 1208 831 Tene
1197 789 1329 846 igitur
1349 797 1392 832 et
1412 787 1528 833 habe
1564 786 1693 850 quod

307 856 539 918 accepisti,
569 867 611 901 et
635 855 779 901 daton
805 858 962 916 gratias
982 873 1069 916 age.
1103 857 1313 913 Quamvis
1344 857 1461 901 enim
1495 857 1695 933 accipere

305 936 347 972 et
369 926 532 972 habere
565 936 687 972 tuum
715 927 802 982 sit,
833 927 879 972 id
905 938 1047 972 tamen
1070 927 1237 983 habes,
1282 926 1406 989 quod
1444 925 1691 989 accepisti·

305 996 513 1060 quoniam
536 964 833 1060 superbienti,
860 1008 902 1042 et
926 1014 974 1042 ex
991 1015 1040 1043 eo
1063 997 1184 1061 quod
1209 964 1434 1053 liabebat,
1463 996 1586 1059 quasi
1608 1013 1631 1041 a
1653 1011 1696 1041 se

304 1067 400 1129 ipso
424 1067 634 1123 haberet,
659 1068 794 1130 impie
815 1068 1020 1127 glorianti
1042 1068 1209 1113 Veritas
1236 1083 1316 1144 per
1337 1066 1600 1130 Apostolum
1623 1065 1695 1112 di-

308 1137 407 1183 cit:
436 1157 456 1177 «
469 1137 591 1193 Quid
608 1138 723 1182 enim
745 1138 880 1183 babes
899 1138 1019 1201 quod
1036 1155 1125 1183 non
1142 1137 1379 1199 accepisti?
1402 1137 1448 1182 Si
1466 1147 1611 1182 autem
1627 1151 1697 1181 ac-

313 1231 334 1251 »
362 1207 547 1270 cepisti,
568 1208 677 1270 quid
697 1208 920 1267 gloriaris,
945 1209 1068 1271 quasi
1087 1225 1174 1253 non
1192 1208 1408 1270 acceperis
1421 1206 1469 1252 1?
1484 1229 1506 1249 2>

377 1279 498 1324 XXI.
539 1278 648 1322 Haec
679 1294 746 1322 me
781 1277 1012 1323 admonere
1043 1276 1316 1354 compellunt
1349 1277 1535 1323 cavendi
1568 1287 1697 1353 atque

311 1347 535 1396 devitandi
559 1348 853 1409 quorumdam
873 1349 1153 1405 sermonculi,
1178 1348 1256 1411 qui
1276 1363 1355 1409 per
1381 1363 1504 1392 aures
1525 1346 1580 1392 ad
1601 1346 1698 1392 ani-

311 1435 404 1465 mos
427 1417 664 1463 multorum
695 1434 860 1480 serpere
894 1430 1126 1481 coeperunt
1150 1455 1161 1474 ,
1198 1416 1319 1480 quod
1349 1432 1451 1460 cum
1488 1415 1699 1478 lacrymis

314 1487 552 1535 dicendum
572 1498 634 1531 est
649 1524 660 1543 ,
686 1488 853 1533 inimici
874 1491 1024 1548 gratiae
1042 1489 1234 1545 Christi,
1258 1505 1336 1551 per
1348 1504 1458 1551 quos
1474 1486 1694 1542 suadetur,

315 1568 364 1604 ut
383 1574 462 1603 nec
481 1556 620 1602 oratio
640 1556 767 1601 nobis
795 1557 848 1602 ad
874 1560 1113 1604 Dominum
1139 1558 1374 1604 necessaria
1390 1556 1609 1612 videatur,
1637 1572 1694 1602 ne

316 1631 527 1676 intremus
543 1627 590 1671 in
606 1628 904 1676 tentationem.
925 1631 998 1675 Sic
1014 1631 1130 1675 enim
1147 1638 1364 1676 conantur
1379 1627 1608 1674 defendere
1624 1626 1702 1671 ho-

318 1699 447 1745 minis
468 1697 661 1742 liberum
680 1698 910 1744 arbitrium
926 1737 936 1756 ,
965 1711 1014 1745 ut
1035 1717 1084 1745 60
1115 1700 1207 1745 5010
1226 1736 1237 1755 ,
1278 1699 1407 1744 etiam
1448 1698 1527 1743 Dei
1565 1697 1700 1757 gratia

319 1787 410 1817 non
433 1768 602 1828 adjuti,
629 1768 848 1815 valeamus
867 1807 878 1826 ,
904 1770 1023 1833 quod
1047 1770 1257 1815 divinitus
1272 1769 1473 1828 jubetur,
1498 1766 1691 1831 implere.

324 1842 387 1886 Ac
403 1855 482 1902 per
506 1839 592 1883 hoc
616 1839 810 1901 sequitur
835 1850 884 1884 ut
901 1840 1060 1885 frustra
1080 1840 1296 1884 Dominus
1321 1838 1474 1883 dixerit
1505 1855 1516 1882 :
1539 1857 1561 1878 «
1576 1836 1700 1896 Vigi—

322 1932 344 1952 >›
367 1911 450 1955 late
468 1946 478 1965 ,
505 1919 547 1954 et
575 1920 692 1954 orate
711 1947 722 1965 ,
749 1927 802 1954 ne
821 1910 987 1955 intretis
1010 1911 1056 1955 in
1079 1909 1386 1954 tentationem2
1409 1925 1420 1952 ι
1442 1930 1461 1949 »
1481 1917 1523 1952 et
1546 1906 1705 1952 frustra

322 1979 519 2042 quotidie
535 1980 581 2024 in
596 1979 691 2042 ipsa
712 1980 940 2025 Dominica
962 1981 1170 2026 Oratione
1187 1979 1382 2024 dicamus
1402 1995 1413 2022 :
1434 1999 1454 2019 «
1469 1978 1533 2023 Ne
1552 1975 1706 2022 1105111-

325 2071 347 2093 »
368 2049 475 2095 feras
511 2050 557 2095 in
581 2049 865 2094 tentationem
881 2050 912 2096 ³.
933 2072 952 2091 »
986 2051 1032 2095 Si
1059 2051 1175 2095 enim
1213 2059 1371 2094 nostrae
1402 2044 1705 2093 tantummodo

326 2119 552 2183 potestatis
583 2130 644 2163 est
667 2136 718 2163 ne
751 2119 986 2165 tentatione
1017 2136 1296 2182 superemur,
1326 2128 1373 2163 ut
1402 2116 1512 2180 quid
1534 2132 1706 2162 oramus

327 2208 382 2236 ne
400 2190 608 2234 intremus
623 2188 692 2235 vel
716 2188 953 2234 inseramur
969 2190 1013 2234 in
1035 2191 1159 2235 eam?
1181 2189 1406 2234 Faciamus
1424 2186 1570 2250 potius
1587 2184 1705 2248 quod

328 2261 466 2307 nostri
486 2270 548 2305 est
571 2259 699 2305 liberi
736 2261 907 2305 arbitrii
942 2272 1070 2324 atque
1093 2260 1422 2306 absolutissimae
1445 2256 1670 2322 potestatis
1692 2275 1703 2309 3

327 2343 371 2378 et
403 2329 660 2377 irrideamus
681 2330 939 2392 Apostolum
966 2331 1179 2376 dicentem
1204 2349 1214 2375 :
1238 2329 1431 2375 «Fidelis
1457 2329 1571 2373 Deus
1590 2363 1601 2382 ,
1630 2325 1707 2388 qui

330 2424 352 2446 >2
374 2419 464 2447 non
488 2417 564 2446 vos
582 2401 806 2464 permittat
832 2402 982 2446 tentari
1005 2419 1134 2465 super
1158 2401 1203 2446 id
1221 2400 1339 2463 quod
1357 2396 1558 2462 potestis4
1577 2416 1588 2449 ;
1611 2417 1632 2437 »
1664 2405 1706 2440 et

329 2474 577 2519 resistamus
599 2473 637 2517 ei
658 2472 848 2517 dicentes
871 2490 880 2517 :
904 2474 961 2517 Ut
985 2472 1092 2535 quid
1114 2482 1214 2534 peto
1238 2489 1261 2515 a
1280 2470 1467 2515 Domino
1488 2505 1500 2525 ,
1526 2465 1647 2531 quod
1659 2466 1706 2515 in

327 2560 422 2590 mea
445 2544 593 2607 posuit
609 2546 846 2606 potestate?
868 2542 952 2587 Sed
975 2543 1086 2587 absit
1104 2551 1152 2587 ut
1166 2542 1250 2586 hoc
1271 2540 1438 2603 sapiat,
1460 2538 1705 2603 quisanum

375 2627 386 2649 ¹
412 2639 422 2658 1
447 2630 518 2658 Cor.
535 2639 578 2663 xv,
598 2640 626 2667 7.
643 2645 684 2651 —-—
701 2626 716 2648 2
739 2627 969 2667 Μ11111.Χ1η,
992 2633 1047 2663 41.
1067 2645 1110 2651 ——
1128 2624 1273 2663 31d.v1,
1299 2626 1349 2656 13.
1368 2641 1412 2648 —
1429 2616 1444 2646 ³
1468 2634 1480 2654 1
1501 2623 1574 2655 Cor.
1599 2632 1631 2661 x,
1650 2622 1703 2654 13.
