1758 3246
325 295 412 350 426
738 311 776 338 5.
816 309 1057 341 mensum
1091 308 1293 338 EPISCOP!

317 374 391 436 qui
410 384 639 436 propterea
657 372 811 419 falsum
836 374 1029 438 loquitur
1044 408 1054 428 ‚
1075 372 1271 436 quamvis
1291 374 1458 418 noverit
1475 373 1543 419 vel
1560 385 1689 437 putet

316 443 470 489 falsum
507 461 592 489 esse
620 444 738 507 quod
773 444 997 507 loquitur.
1034 453 1080 488 ut
1111 442 1182 488 ille
1217 442 1288 488 cui
1319 443 1512 506 loquitur
1539 462 1627 490 non
1650 446 1689 491 ei

314 513 530 558 credendo
556 530 643 559 non
663 513 853 568 fallatur,
876 514 976 576 quia
1000 529 1098 558 eum
1116 511 1198 557 sibi
1223 529 1309 557 non
1330 513 1596 560 crediturum
1619 515 1689 561 vel

317 583 397 629 scit
417 583 483 629 vel
520 594 661 646 putat.
693 583 818 628 Unde
846 584 879 628 si
909 592 1118 646 appareat
1146 582 1236 627 fieri
1269 599 1416 645 posse,
1454 594 1503 630 ut
1537 584 1690 648 aliquis

314 665 542 718 propterea
561 653 717 699 falsum
737 653 856 699 dicat
871 691 881 709 ,
906 671 958 699 ne
982 652 1159 698 fallatur
1177 651 1247 697 ille
1265 654 1335 699 cui
1359 654 1549 709 dicitur;
1578 657 1689 701 exis-

313 724 367 769 tit
387 724 505 769 aliud
529 741 550 768 6
577 724 794 769 contrario
812 740 944 782 genus
962 760 972 777 ,
996 733 1225 785 propterea
1254 739 1401 768 verum
1427 723 1610 770 dicentis
1641 735 1691 771 ut

314 793 448 840 sallat.
490 794 578 849 Qui
611 795 723 839 enim
754 810 901 838 verum
934 793 1029 838 ideo
1062 792 1283 854 loquitur,
1320 794 1424 856 quia
1451 795 1580 840 sentit
1607 795 1690 840 sibi

314 881 401 908 non
434 863 553 908 credi
570 900 579 917 ,
615 862 713 908 ideo
745 864 896 926 utique
917 879 1068 908 verum
1093 861 1200 907 dicit
1222 872 1270 907 ut
1299 862 1419 908 fallat
1440 881 1451 908 t
1476 865 1556 909 scit
1574 864 1691 910 enim

311 932 378 977 vel
402 933 610 978 existimat
631 943 860 995 propterea
878 931 1032 977 falsum
1057 931 1204 995 putari
1224 948 1348 994 posse
1365 932 1485 995 quod
1507 932 1686 989 dieitur,

312 1003 518 1066 quoniam
545 1003 600 1047 ab
625 1003 718 1065 ipso
739 1002 915 1047 dicitur.
961 1001 1260 1057 Quamobrem
1288 1017 1388 1046 cum
1418 1001 1516 1047 ideo
1538 1019 1690 1049 verum

314 1072 421 1119 dicit
463 1083 511 1118 ut
550 1072 706 1117 falsum
746 1081 950 1135 putetur,
992 1071 1088 1116 ideo
1126 1087 1276 1118 verum
1314 1070 1424 1116 dicit
1460 1082 1509 1117 ut
1548 1071 1683 1120 fallat.

312 1143 607 1201 Quaerendum
634 1160 732 1201 ergo
752 1152 813 1187 est
830 1179 840 1192 ,
870 1142 966 1205 quis
982 1142 1129 1204 potius
1158 1141 1394 1186 mentiatur
1411 1179 1421 1195 ,
1445 1152 1591 1188 utrum
1620 1143 1691 1188 ille

314 1214 389 1277 qui
412 1213 566 1259 falsum
592 1212 700 1258 dicit
725 1228 778 1257 ne
796 1211 917 1257 fallat
934 1249 944 1267 ‚
968 1229 1021 1255 an
1044 1211 1114 1256 ille
1130 1212 1208 1273 qui
1230 1228 1381 1257 verum
1407 1212 1515 1258 dicit
1537 1223 1585 1258 ut
1603 1211 1690 1258 sal-

313 1283 402 1336 lat3
430 1300 530 1328 curn
550 1293 591 1327 et
614 1282 684 1327 ille
707 1282 815 1327 sciat
838 1281 903 1326 vel
930 1290 1054 1343 putet
1078 1280 1234 1325 falsum
1268 1297 1309 1324 se
1342 1280 1485 1326 dicere
1503 1318 1514 1336 ‚
1538 1291 1581 1327 et
1614 1282 1691 1327 iste

312 1354 418 1399 sciat
440 1352 508 1399 vel
535 1362 661 1415 putet
683 1368 832 1396 verum
857 1368 898 1395 se
928 1350 1085 1395 dicere.
1120 1349 1219 1394 Jam
1240 1349 1354 1394 enim
1385 1349 1571 1396 diximus
1591 1367 1690 1397 eum

313 1424 386 1487 qui
404 1423 538 1468 nescit
558 1422 711 1467 falsum
734 1438 820 1465 esse
839 1419 955 1483 quod
976 1420 1195 1472 enuntiat,
1222 1436 1308 1464 non
1328 1420 1527 1476 mentiri,
1550 1420 1583 1465 si
1603 1419 1690 1466 hoc

312 1504 439 1556 putat
461 1510 637 1543 verum3
667 1508 852 1554 eumque
885 1490 1031 1553 potius
1050 1489 1246 1544 mentiri,
1274 1490 1351 1552 qui
1379 1490 1508 1536 etiam
1538 1506 1692 1538 verum

310 1563 506 1608 enuntiat
527 1599 537 1614 ‚
565 1578 665 1606 cum
690 1559 845 1605 falsum
866 1570 994 1622 putat
1018 1577 1028 1603 z
1053 1557 1156 1622 quia
1174 1576 1221 1604 ex
1241 1559 1373 1605 animi
1395 1560 1459 1606 sui
1479 1561 1691 1606 sententia
1757 1589 1758 1595 =

307 1632 537 1691 judicandi
571 1641 684 1676 sunt.
725 1630 789 1675 De
822 1630 907 1675 illis
938 1629 1085 1692 itaque
1116 1646 1202 1674 non
1232 1646 1366 1692 parva
1383 1631 1567 1694 quaestio
1591 1640 1654 1676 est
1674 1666 1686 1686 ,

312 1719 421 1764 quos
444 1701 752 1766 proposuimus
779 1719 789 1745 2
825 1717 961 1745 unum
983 1699 1059 1762 qui
1083 1699 1163 1744 scit
1192 1710 1266 1744 aut
1300 1709 1426 1762 putat
1463 1717 1504 1745 se
1533 1699 1689 1746 falsum

315 1771 481 1826 dicere,
505 1782 546 1816 et
566 1770 663 1816 ideo
685 1769 793 1814 dicit
817 1786 871 1814 ne
894 1768 1043 1822 fallat3
1071 1768 1188 1814 velut
1208 1769 1242 1813 si
1267 1769 1456 1831 aliquam
1481 1770 1595 1815 viam
1614 1787 1690 1814 no-
1757 1816 1758 1834 ἶ

314 1841 423 1888 verit
448 1841 636 1887 obsideri
662 1858 684 1885 a
704 1838 948 1884 latronibus
967 1876 977 1893 ‚
1009 1849 1049 1883 et
1076 1839 1229 1883 timens
1256 1855 1308 1883 ne
1339 1856 1417 1900 per
1441 1839 1559 1884 illam
1584 1855 1691 1902 per·
1756 1860 1758 1882 ε

312 1922 383 1972 gat
400 1911 533 1957 horno
558 1913 683 1970 cujus
706 1908 832 1954 saluti
852 1908 1064 1971 prospicit
1082 1944 1092 1962 ,
1113 1918 1154 1952 et
1173 1925 1267 1952 eum
1287 1908 1368 1953 scit
1392 1908 1475 1953 sibi
1493 1925 1581 1953 non
1600 1925 1690 1954 cre·
1756 1914 1758 1928 ¹

313 1981 413 2026 dere
431 2018 441 2035 ‚
476 1980 594 2025 dicat
616 1996 709 2024 eam
745 1979 858 2024 viam
894 1995 982 2022 non
1007 1977 1169 2022 hahere
1199 1977 1384 2022 latrones
1401 2015 1412 2032 ‚
1454 1978 1508 2023 ad
1533 1978 1619 2024 hoc
1638 1989 1687 2024 ut

313 2049 412 2096 illac
440 2067 527 2095 non
544 2060 611 2094 eat
628 2086 638 2097 .
665 2049 772 2093 dum
794 2047 891 2093 ideo
916 2046 1054 2092 credit
1071 2046 1257 2091 latrones
1279 2047 1342 2091 ibi
1365 2063 1474 2102 esse,
1498 2047 1600 2110 quia
1619 2046 1691 2092 ille
1756 2056 1758 2092 Ξ

313 2120 420 2166 dixit
453 2137 539 2164 non
564 2118 627 2163 ibi
662 2136 774 2166 6556,
804 2117 875 2163 cui
902 2134 989 2162 non
1023 2116 1195 2161 credere
1226 2117 1402 2171 statuit,
1437 2116 1691 2162 mendacem

310 2201 471 2254 putans
493 2208 503 2234 ε
530 2189 711 2234 alterum
735 2198 874 2233 autem
893 2188 970 2250 qui
995 2187 1132 2232 sciens
1150 2197 1223 2231 aut
1246 2198 1407 2249 putans
1430 2203 1578 2232 verum
1604 2203 1691 2232 esse
1755 2217 1758 2249 3

312 2259 431 2324 quod
456 2259 589 2312 dicit,
618 2257 672 2303 ad
693 2258 778 2303 hoe
800 2268 944 2301 tamen
964 2256 1072 2301 dicit
1092 2266 1138 2301 ut
1158 2255 1305 2309 fallat3
1327 2266 1533 2319 tanquam
1558 2256 1592 2301 si
1612 2255 1690 2302 ho·
1755 2264 1758 2298 ξ

313 2330 421 2375 mini
444 2346 531 2374 non
554 2328 637 2373 sibi
656 2328 847 2373 credenti
868 2326 986 2371 dicat
1011 2326 1196 2371 latrones
1218 2326 1262 2370 in
1284 2325 1357 2370 illa
1376 2326 1446 2371 via
1471 2342 1583 2379 esse,
1612 2325 1691 2371 uhi
1756 2324 1758 2351 ³

319 2417 459 2445 revera
484 2416 554 2444 eos
575 2415 662 2443 esse
698 2398 902 2457 cognovit
917 2434 927 2452 ‚
952 2407 1000 2442 ut
1017 2397 1087 2441 ille
1111 2396 1184 2442 cui
1205 2395 1314 2440 dicit
1333 2412 1412 2458 per
1433 2395 1554 2440 illam
1573 2395 1690 2440 viam

314 2470 448 2528 magis
465 2477 641 2531 pergat,
676 2477 804 2530 atque
837 2467 897 2511 ita
930 2467 975 2511 in
1008 2466 1194 2511 latrones
1219 2465 1408 2519 incidat,
1437 2464 1543 2509 dum
1565 2474 1692 2527 putat
1753 2477 1756 2526 ξ

314 2539 467 2585 falsum
487 2555 572 2583 esse
592 2537 711 2601 quod
730 2537 801 2583 ille
819 2536 986 2583 dixerit.
1018 2536 1128 2592 Quis
1147 2551 1247 2595 ergo
1264 2534 1447 2580 istorum
1462 2534 1687 2591 mentitur,
1754 2543 1755 2547 ’

316 2609 385 2654 ἱ116
406 2609 481 2670 qui
508 2608 633 2664 elegit
656 2607 808 2653 falsum
835 2608 978 2653 dicere
1010 2624 1062 2653 ne
1097 2606 1217 2651 fallat
1234 2643 1244 2653 ,
1284 2623 1337 2650 an
1361 2605 1432 2650 ille
1465 2605 1538 2667 qui
1566 2604 1689 2665 elegit
