1758 3246
299 336 389 390 542
716 336 749 377 s.
794 347 1033 376 Anersrml
1070 334 1270 377 Erlscom

302 438 324 458 2)
354 416 387 461 si
411 412 600 460 carnalia
620 422 757 458 vestra
790 410 1062 457 metamus&
1084 433 1102 454 ›>
1130 413 1238 458 Item
1265 412 1319 458 ad
1354 412 1603 459 Corinthios
1626 413 1668 459 in

302 485 490 531 secunda
518 502 528 529 z
552 485 741 529 «Notam
764 493 925 537 autom,
946 482 1087 546 inquit
1104 520 1114 539 ‚
1137 483 1262 529 vobis
1279 483 1483 539 facimus,
1507 483 1674 539 fratres,
1732 514 1737 521 ·

303 577 323 598 ›>
344 555 526 616 gratiam
547 554 625 599 Dei
646 570 744 616 quae
770 553 869 598 data
885 563 945 597 est
966 552 1008 597 in
1032 553 1232 598 Ecclesiis
1259 553 1552 611 Macedoni-ee,
1579 555 1679 617 quia

304 648 324 668 ))
347 627 391 672 in
417 625 549 671 multa
583 624 843 688 probatione
872 623 1192 679 tribulationis,
1230 623 1495 669 abundantia
1536 625 1680 684 gaudii
1735 654 1740 669 ¹

303 717 325 738 »
349 713 494 741 eorum
519 706 559 740 et
588 693 808 757 profunda
827 705 1060 757 paupertas
1085 711 1233 740 eorum
1253 694 1495 740 abundavit
1512 695 1556 740 in
1575 694 1681 741 divi-

306 786 326 806 »
350 767 418 812 tiis
445 765 731 829 simplicitatis
762 782 910 810 eorum
948 781 958 809 z
986 764 1087 827 quia
1113 764 1350 810 secundum
1379 766 1488 811 xircs
1510 803 1519 821 ‚
1562 765 1682 811 testi-

306 859 326 879 »
352 837 547 882 111011111111
566 835 779 897 perhibeo
797 872 806 889 ‚
844 845 886 878 ct
919 851 1049 897 supra
1075 835 1181 879 vires
1206 835 1439 880 voluntarii
1476 835 1678 892 fuerunt,

308 929 328 950 ))
354 924 454 952 cum
476 905 623 950 multis
652 905 856 968 precibus
879 905 1148 950 obsecrantes
1172 923 1248 950 nos
1272 905 1451 965 gratiam
1475 915 1516 951 ct
1559 922 1684 950 com-

309 1000 329 1020 »
355 977 603 1022 munionem
625 975 949 1020 ministrationis
961 992 1058 1037 quae
1074 977 1123 1020 fit
1140 976 1183 1020 in
1199 986 1392 1021 sanctos:
1417 986 1456 1021 et
1471 992 1556 1021 non
1571 992 1685 1039 quo-

310 1071 330 1091 »
352 1047 482 1093 modo
507 1046 798 1109 spcrzwiint1S‚
847 1045 919 1090 scd
954 1063 995 1090 sc
1032 1047 1146 1109 ipsos
1185 1046 1459 1091 tradiderunt
1494 1045 1684 1109 primum

310 1140 331 1161 »
354 1117 542 1162 Domino
559 1153 569 1171 ‚
604 1125 644 1159 et
672 1115 796 1159 nobis
822 1132 900 1178 por
926 1115 1190 1161 voluntatem
1227 1116 1329 1171 Dei,
1364 1116 1413 1161 ad
1447 1115 1685 1179 deprecan-

312 1211 333 1231 »
357 1188 462 1234 dum
480 1187 626 1232 Titum
642 1223 651 1241 ,
675 1195 724 1230 ut
742 1185 964 1249 quomodo
989 1188 1127 1249 coepit
1148 1224 1158 1241 ,
1188 1187 1246 1232 sic
1277 1198 1319 1231 ct
1349 1197 1618 1232 consummet
1642 1186 1687 1231 in

313 1282 333 1302 »
356 1276 431 1305 vos
450 1258 578 1302 etiam
605 1257 790 1316 gratiam
811 1257 951 1302 istam.
982 1256 1064 1302 Sed
1088 1257 1310 1320 quomodo
1343 1274 1509 1320 sempor
1543 1257 1687 1302 abun-

314 1351 335 1372 »
362 1329 389 1374 d
401 1329 477 1374 atis
509 1327 553 1372 in
581 1326 784 1371 omnibus
817 1326 900 1370 fido.
926 1336 967 1371 et
991 1327 1122 1372 verbo
1144 1337 1184 1371 ct
1203 1326 1377 1372 scivntia
1401 1337 1442 1371 et
1462 1327 1687 1371 omnism-

316 1421 336 1441 »
361 1399 434 1444 dio
453 1435 464 1454 ,
488 1407 530 1442 et
552 1413 600 1441 ea
625 1412 724 1458 quae
744 1413 791 1440 ex
813 1396 938 1441 vobis
961 1406 1023 1441 est
1045 1397 1090 1441 in
1113 1413 1194 1441 nos
1217 1396 1427 1441 charitate
1444 1433 1454 1451 ‚
1488 1407 1537 1441 ut
1568 1406 1608 1441 et
1643 1396 1687 1441 in

316 1491 337 1512 »
361 1469 447 1514 hac
474 1467 609 1527 gratia
635 1465 876 1511 abundetis,
914 1467 1013 1511 Non
1043 1466 1280 1511 secundum
1301 1467 1530 1529 imperium
1556 1465 1653 1511 dico
1673 1502 1683 1521 ‚

320 1561 338 1582 ›)
362 1539 433 1584 sed
453 1535 829 1601 propteraliorum
849 1536 1040 1581 studium
1060 1547 1100 1581 et
1117 1547 1267 1581 vestra?
1288 1536 1510 1581 charitatis
1528 1536 1689 1580 charis-

318 1632 338 1653 »
360 1610 515 1655 simum
534 1606 740 1670 probans.
769 1606 894 1651 Scitis
911 1608 1023 1652 enim
1045 1607 1223 1665 gratiam
1245 1606 1418 1652 Domini
1438 1606 1570 1651 nostri
1590 1607 1690 1651 Jcsu

319 1702 340 1723 »
369 1677 557 1733 Christi,
588 1676 791 1739 quoniam
820 1687 1001 1740 propter
1028 1694 1102 1722 vos
1128 1693 1294 1740 pauper
1312 1676 1450 1722 factus
1468 1687 1554 1732 est,
1590 1693 1690 1722 cum

319 1772 340 1793 »
365 1750 483 1796 dives
506 1756 634 1802 esset,
662 1757 710 1792 ut
727 1746 840 1792 illius
860 1744 1117 1810 paupertate
1137 1764 1210 1792 vos
1230 1747 1488 1793 ditaremini.
1516 1748 1571 1791 Et
1590 1763 1691 1791 con-

320 1843 341 1863 »
364 1820 507 1866 silium
526 1819 571 1864 in
591 1817 678 1863 hoc
702 1817 758 1862 do
779 1835 790 1862 ι
809 1818 896 1863 hoc
919 1818 1031 1863 enim
1052 1818 1176 1863 vobis
1200 1817 1403 1881 prodest,
1431 1818 1506 1880 qui
1526 1834 1612 1862 non
1628 1833 1692 1861 so-
1756 1834 1758 1890 1

320 1891 456 1937 »lum
476 1888 639 1945 facere,
668 1887 741 1933 scd
771 1888 899 1933 etiam
928 1887 1036 1933 velle
1061 1888 1255 1950 coepistis
1290 1888 1345 1933 ab
1374 1904 1486 1933 anno
1514 1887 1656 1950 priore
1677 1924 1688 1942 ,

322 1984 344 2006 »
368 1977 486 2007 nunc
506 1970 647 2005 autem
657 1969 698 2004 et
710 1958 824 2004 facto
839 1959 1050 2021 perficite,
1066 1968 1114 2004 ut
1131 1957 1496 2021 quemadmodum
1514 1974 1637 2021 prom
1643 1974 1693 2020 p-

324 2056 344 2076 »
372 2044 436 2079 tus
459 2043 522 2077 est
549 2031 714 2077 animus
736 2028 970 2075 voluntatis
991 2067 1002 2085 9
1029 2029 1088 2075 ita
1116 2030 1168 2074 sit
1200 2039 1239 2074 et
1263 2028 1516 2092 perficiendi
1559 2045 1605 2072 ex
1643 2044 1693 2073 eo

324 2125 346 2146 ›>
370 2102 486 2167 quod
526 2102 706 2165 quisque
732 2099 881 2146 habet.
913 2099 958 2144 Si
984 2100 1097 2144 enim
1131 2110 1362 2162 promptus
1397 2108 1457 2144 est
1496 2098 1689 2153 animm,

325 2196 346 2217 »
370 2172 609 2219 secundum
634 2171 678 2216 in
703 2169 822 2233 quod
848 2170 981 2215 habet
1006 2169 1285 2233 acceptabilis
1308 2179 1392 2224 est,
1424 2185 1511 2214 non
1539 2185 1695 2213 secun-

326 2265 345 2287 »
370 2244 476 2289 dum
497 2242 542 2288 id
565 2240 688 2304 quod
714 2256 799 2284 non
821 2239 969 2286 habet.
997 2241 1094 2285 Non
1114 2240 1228 2285 onim
1249 2250 1296 2285 ut
1317 2238 1406 2284 aliis
1426 2239 1480 2284 sit
1498 2238 1691 2294 refectio,

326 2336 347 2357 ›>
369 2313 493 2360 vobis
517 2322 657 2357 autem
676 2310 871 2369 angustia
888 2347 898 2361 ,
928 2310 999 2354 sed
1028 2327 1108 2372 pro
1132 2310 1376 2372 aequalitate
1406 2309 1451 2354 in
1475 2308 1562 2353 hoc
1580 2319 1693 2353 tem-

326 2407 347 2428 »
372 2401 502 2448 pore,
522 2391 570 2427 ut
589 2389 729 2427 vestra
754 2379 1019 2425 abundantia
1038 2380 1091 2425 sit
1109 2379 1162 2425 ad
1188 2379 1361 2425 illorum
1385 2378 1576 2442 inopiam
1593 2415 1603 2435 ‚
1644 2388 1693 2423 ut

325 2475 346 2497 »
369 2465 410 2500 et
433 2453 607 2499 illorum
632 2449 898 2496 abundantia
924 2451 997 2495 fiat
1020 2450 1064 2494 111
1085 2459 1267 2495 vestram
1297 2448 1490 2511 inopiam
1512 2486 1523 2504 ,
1550 2458 1598 2493 ut
1619 2449 1694 2493 fiat

325 2547 345 2568 >2
369 2523 610 2589 aequalitas,
634 2522 745 2567 sicut
765 2521 973 2583 scriptum
995 2530 1056 2565 est
1075 2538 1085 2565 z
1109 2520 1198 2576 Qui
1218 2519 1403 2565 multum
1419 2556 1429 2574 ‚
1452 2535 1539 2563 non
1557 2519 1694 2563 abun-

322 2621 345 2644 »
369 2597 515 2651 davit;
535 2604 578 2641 et
596 2595 672 2658 qui
692 2593 933 2650 modicum,
959 2610 1047 2638 non
1065 2591 1203 2639 defuit
1222 2592 1284 2640 illi
1299 2593 1332 2640 2.
1364 2592 1533 2638 Gratias
1552 2602 1694 2638 autem

371 2683 382 2708 ¹
408 2693 420 2714 1
440 2683 512 2716 Cor.
532 2690 575 2719 ix,
597 2690 650 2713 11.
667 2694 712 2702 -·
729 2676 744 2700 2
760 2676 863 2711 Exod.
882 2687 948 2716 xvi,
974 2678 1023 2709 18.

1724 179 1730 220 1

1731 442 1738 551 t
