<?xml version="1.0" encoding="UTF-8"?>
<!DOCTYPE html PUBLIC "-//W3C//DTD XHTML 1.0 Transitional//EN"
    "http://www.w3.org/TR/xhtml1/DTD/xhtml1-transitional.dtd">
<html xmlns="http://www.w3.org/1999/xhtml" xml:lang="en" lang="en">
 <head>
  <title>
</title>
<meta http-equiv="Content-Type" content="text/html;charset=utf-8" />
  <meta name='ocr-system' content='tesseract 3.04.00' />
  <meta name='ocr-capabilities' content='ocr_page ocr_carea ocr_par ocr_line ocrx_word'/>
</head>
<body>
  <div class='ocr_page' id='page_1' title='image "./operaomniaaccura26auguuoft/operaomniaaccura26auguuoft_0159.png"; bbox 0 0 1758 3246; ppageno 0'>
   <div class='ocr_carea' id='block_1_1' title="bbox 81 290 1455 352">
    <p class='ocr_par' dir='ltr' id='par_1_1' title="bbox 81 290 1455 352">
     <span class='ocr_line' id='line_1_1' title="bbox 81 290 1455 352; baseline -0.001 -16"><span class='ocrx_word' id='word_1_1' title='bbox 81 306 384 336; x_wconf 61' lang='lat' dir='ltr'>ENCHuumom·</span> <span class='ocrx_word' id='word_1_2' title='bbox 419 303 474 333; x_wconf 72' lang='lat' dir='ltr'>nn</span> <span class='ocrx_word' id='word_1_3' title='bbox 510 302 632 341; x_wconf 69' lang='lat' dir='ltr'>ruffi,</span> <span class='ocrx_word' id='word_1_4' title='bbox 663 301 738 330; x_wconf 84' lang='lat' dir='ltr'>SPE</span> <span class='ocrx_word' id='word_1_5' title='bbox 773 301 826 329; x_wconf 84' lang='lat' dir='ltr'>ET</span> <span class='ocrx_word' id='word_1_6' title='bbox 861 300 1130 344; x_wconf 73' lang='lat' dir='ltr'>cuAnrrA‘rE,</span> <span class='ocrx_word' id='word_1_7' title='bbox 1159 305 1247 335; x_wconf 77' lang='lat' dir='ltr'>mu.</span> <span class='ocrx_word' id='word_1_8' title='bbox 1290 305 1321 336; x_wconf 88' lang='lat'>1.</span> <span class='ocrx_word' id='word_1_9' title='bbox 1371 290 1455 352; x_wconf 72' lang='lat'>147</span> 
     </span>
    </p>
   </div>
   <div class='ocr_carea' id='block_1_2' title="bbox 77 365 1465 2657">
    <p class='ocr_par' dir='ltr' id='par_1_2' title="bbox 77 365 1465 2534">
     <span class='ocr_line' id='line_1_2' title="bbox 81 365 1458 431; baseline 0.001 -17"><span class='ocrx_word' id='word_1_10' title='bbox 81 380 176 415; x_wconf 89' lang='lat' dir='ltr'>tum</span> <span class='ocrx_word' id='word_1_11' title='bbox 193 381 254 416; x_wconf 90' lang='lat' dir='ltr'>est</span> <span class='ocrx_word' id='word_1_12' title='bbox 274 389 284 415; x_wconf 90' lang='lat'>:</span> <span class='ocrx_word' id='word_1_13' title='bbox 313 391 332 410; x_wconf 87' lang='lat'>«</span> <span class='ocrx_word' id='word_1_14' title='bbox 353 369 465 414; x_wconf 89' lang='lat' dir='ltr'>Cum</span> <span class='ocrx_word' id='word_1_15' title='bbox 486 367 739 429; x_wconf 87' lang='lat' dir='ltr'>loqueretur</span> <span class='ocrx_word' id='word_1_16' title='bbox 759 401 769 420; x_wconf 87' lang='lat'>,</span> <span class='ocrx_word' id='word_1_17' title='bbox 791 366 958 424; x_wconf 83' lang='lat' dir='ltr'>rogavit</span> <span class='ocrx_word' id='word_1_18' title='bbox 985 365 1110 411; x_wconf 93' lang='lat' dir='ltr'>illum</span> <span class='ocrx_word' id='word_1_19' title='bbox 1134 369 1314 431; x_wconf 87' lang='lat' dir='ltr'>quidam</span> <span class='ocrx_word' id='word_1_20' title='bbox 1334 368 1458 414; x_wconf 87' lang='lat' dir='ltr'>Pha-</span> 
     </span>
     <span class='ocr_line' id='line_1_3' title="bbox 81 434 1452 500; baseline 0.002 -19"><span class='ocrx_word' id='word_1_21' title='bbox 81 461 102 481; x_wconf 79' lang='lat'>»</span> <span class='ocrx_word' id='word_1_22' title='bbox 122 440 268 486; x_wconf 85' lang='lat' dir='ltr'>risaeus</span> <span class='ocrx_word' id='word_1_23' title='bbox 300 448 348 484; x_wconf 92' lang='lat' dir='ltr'>ut</span> <span class='ocrx_word' id='word_1_24' title='bbox 377 436 610 500; x_wconf 79' lang='lat' dir='ltr'>pranderet</span> <span class='ocrx_word' id='word_1_25' title='bbox 650 434 769 498; x_wconf 87' lang='lat' dir='ltr'>apud</span> <span class='ocrx_word' id='word_1_26' title='bbox 805 453 874 489; x_wconf 86' lang='lat' dir='ltr'>se,</span> <span class='ocrx_word' id='word_1_27' title='bbox 909 446 951 480; x_wconf 90' lang='lat' dir='ltr'>et</span> <span class='ocrx_word' id='word_1_28' title='bbox 984 436 1197 495; x_wconf 87' lang='lat' dir='ltr'>ingressus</span> <span class='ocrx_word' id='word_1_29' title='bbox 1235 439 1452 486; x_wconf 84' lang='lat' dir='ltr'><strong>recubuit.</strong></span> 
     </span>
     <span class='ocr_line' id='line_1_4' title="bbox 81 504 1460 572; baseline 0.002 -22"><span class='ocrx_word' id='word_1_30' title='bbox 81 530 102 550; x_wconf 86' lang='lat'>»</span> <span class='ocrx_word' id='word_1_31' title='bbox 122 509 368 554; x_wconf 69' lang='lat' dir='ltr'>Pharisaeus</span> <span class='ocrx_word' id='word_1_32' title='bbox 393 517 537 552; x_wconf 84' lang='lat' dir='ltr'>autem</span> <span class='ocrx_word' id='word_1_33' title='bbox 557 505 696 567; x_wconf 88' lang='lat' dir='ltr'>coepit</span> <span class='ocrx_word' id='word_1_34' title='bbox 717 504 829 550; x_wconf 90' lang='lat' dir='ltr'>intra</span> <span class='ocrx_word' id='word_1_35' title='bbox 853 522 895 550; x_wconf 91' lang='lat' dir='ltr'>se</span> <span class='ocrx_word' id='word_1_36' title='bbox 915 516 1120 569; x_wconf 85' lang='lat' dir='ltr'>reputans</span> <span class='ocrx_word' id='word_1_37' title='bbox 1143 506 1302 564; x_wconf 86' lang='lat' dir='ltr'>dicere,</span> <span class='ocrx_word' id='word_1_38' title='bbox 1326 526 1460 572; x_wconf 86' lang='lat' dir='ltr'>quare</span> 
     </span>
     <span class='ocr_line' id='line_1_5' title="bbox 81 575 1459 641; baseline 0.003 -22"><span class='ocrx_word' id='word_1_39' title='bbox 81 599 101 619; x_wconf 89' lang='lat'>»</span> <span class='ocrx_word' id='word_1_40' title='bbox 120 595 207 623; x_wconf 89' lang='lat' dir='ltr'>non</span> <span class='ocrx_word' id='word_1_41' title='bbox 226 578 469 641; x_wconf 82' lang='lat' dir='ltr'>baptizatus</span> <span class='ocrx_word' id='word_1_42' title='bbox 485 585 592 621; x_wconf 87' lang='lat' dir='ltr'>esset</span> <span class='ocrx_word' id='word_1_43' title='bbox 617 584 713 619; x_wconf 82' lang='lat' dir='ltr'>ante</span> <span class='ocrx_word' id='word_1_44' title='bbox 730 575 997 637; x_wconf 68' lang='lat' dir='ltr'>prandium?</span> <span class='ocrx_word' id='word_1_45' title='bbox 1021 576 1076 620; x_wconf 88' lang='lat' dir='ltr'>Et</span> <span class='ocrx_word' id='word_1_46' title='bbox 1096 576 1153 622; x_wconf 88' lang='lat' dir='ltr'>ait</span> <span class='ocrx_word' id='word_1_47' title='bbox 1173 577 1385 623; x_wconf 84' lang='lat' dir='ltr'>Dominus</span> <span class='ocrx_word' id='word_1_48' title='bbox 1405 577 1459 623; x_wconf 84' lang='lat' dir='ltr'>ad</span> 
     </span>
     <span class='ocr_line' id='line_1_6' title="bbox 81 644 1460 708; baseline 0.001 -16"><span class='ocrx_word' id='word_1_49' title='bbox 81 647 240 693; x_wconf 89' lang='lat' dir='ltr'>»illum</span> <span class='ocrx_word' id='word_1_50' title='bbox 270 665 280 692; x_wconf 89' lang='lat'>:</span> <span class='ocrx_word' id='word_1_51' title='bbox 315 648 443 692; x_wconf 90' lang='lat' dir='ltr'>Nunc</span> <span class='ocrx_word' id='word_1_52' title='bbox 462 663 554 702; x_wconf 70' lang='lat' dir='ltr'>vos,</span> <span class='ocrx_word' id='word_1_53' title='bbox 581 645 811 701; x_wconf 81' lang='lat' dir='ltr'>Pharisaei,</span> <span class='ocrx_word' id='word_1_54' title='bbox 841 644 963 708; x_wconf 89' lang='lat' dir='ltr'>quod</span> <span class='ocrx_word' id='word_1_55' title='bbox 984 644 1144 691; x_wconf 83' lang='lat' dir='ltr'>deforis</span> <span class='ocrx_word' id='word_1_56' title='bbox 1164 657 1226 692; x_wconf 89' lang='lat' dir='ltr'>est</span> <span class='ocrx_word' id='word_1_57' title='bbox 1250 646 1395 693; x_wconf 83' lang='lat' dir='ltr'>calicis</span> <span class='ocrx_word' id='word_1_58' title='bbox 1417 659 1460 692; x_wconf 92' lang='lat' dir='ltr'>et</span> 
     </span>
     <span class='ocr_line' id='line_1_7' title="bbox 81 714 1459 781; baseline 0 -19"><span class='ocrx_word' id='word_1_59' title='bbox 81 739 100 758; x_wconf 84' lang='lat'>»</span> <span class='ocrx_word' id='word_1_60' title='bbox 119 718 274 774; x_wconf 86' lang='lat' dir='ltr'>catini,</span> <span class='ocrx_word' id='word_1_61' title='bbox 301 716 548 768; x_wconf 79' lang='lat' dir='ltr'>mundatis3</span> <span class='ocrx_word' id='word_1_62' title='bbox 571 714 691 777; x_wconf 87' lang='lat' dir='ltr'>quod</span> <span class='ocrx_word' id='word_1_63' title='bbox 716 725 859 760; x_wconf 82' lang='lat' dir='ltr'>autem</span> <span class='ocrx_word' id='word_1_64' title='bbox 885 716 1000 761; x_wconf 90' lang='lat' dir='ltr'>intus</span> <span class='ocrx_word' id='word_1_65' title='bbox 1023 726 1085 761; x_wconf 89' lang='lat' dir='ltr'>est</span> <span class='ocrx_word' id='word_1_66' title='bbox 1112 727 1305 762; x_wconf 84' lang='lat' dir='ltr'>vestrum</span> <span class='ocrx_word' id='word_1_67' title='bbox 1322 754 1332 772; x_wconf 88' lang='lat'>,</span> <span class='ocrx_word' id='word_1_68' title='bbox 1360 717 1459 781; x_wconf 92' lang='lat' dir='ltr'>ple-</span> 
     </span>
     <span class='ocr_line' id='line_1_8' title="bbox 80 785 1461 851; baseline 0.001 -19"><span class='ocrx_word' id='word_1_69' title='bbox 80 808 100 827; x_wconf 91' lang='lat'>»</span> <span class='ocrx_word' id='word_1_70' title='bbox 119 803 224 832; x_wconf 90' lang='lat' dir='ltr'>num</span> <span class='ocrx_word' id='word_1_71' title='bbox 245 799 307 832; x_wconf 88' lang='lat' dir='ltr'>est</span> <span class='ocrx_word' id='word_1_72' title='bbox 323 787 477 849; x_wconf 83' lang='lat' dir='ltr'>rapina</span> <span class='ocrx_word' id='word_1_73' title='bbox 501 796 544 830; x_wconf 84' lang='lat' dir='ltr'>ct</span> <span class='ocrx_word' id='word_1_74' title='bbox 563 785 806 847; x_wconf 83' lang='lat' dir='ltr'>iniquitate.</span> <span class='ocrx_word' id='word_1_75' title='bbox 841 785 973 831; x_wconf 86' lang='lat' dir='ltr'>Stulti</span> <span class='ocrx_word' id='word_1_76' title='bbox 993 823 1004 842; x_wconf 90' lang='lat'>,</span> <span class='ocrx_word' id='word_1_77' title='bbox 1031 803 1175 832; x_wconf 90' lang='lat' dir='ltr'>nonne</span> <span class='ocrx_word' id='word_1_78' title='bbox 1194 788 1272 851; x_wconf 90' lang='lat' dir='ltr'>qui</span> <span class='ocrx_word' id='word_1_79' title='bbox 1293 786 1398 834; x_wconf 85' lang='lat' dir='ltr'>fecit</span> <span class='ocrx_word' id='word_1_80' title='bbox 1415 788 1461 833; x_wconf 91' lang='lat' dir='ltr'>id</span> 
     </span>
     <span class='ocr_line' id='line_1_9' title="bbox 81 856 1462 921; baseline 0.004 -22"><span class='ocrx_word' id='word_1_81' title='bbox 81 857 236 921; x_wconf 88' lang='lat' dir='ltr'>»quod</span> <span class='ocrx_word' id='word_1_82' title='bbox 260 856 417 903; x_wconf 85' lang='lat' dir='ltr'>deforis</span> <span class='ocrx_word' id='word_1_83' title='bbox 436 867 499 903; x_wconf 91' lang='lat' dir='ltr'>est</span> <span class='ocrx_word' id='word_1_84' title='bbox 518 894 528 913; x_wconf 89' lang='lat'>,</span> <span class='ocrx_word' id='word_1_85' title='bbox 550 857 679 902; x_wconf 84' lang='lat' dir='ltr'>etiam</span> <span class='ocrx_word' id='word_1_86' title='bbox 699 856 745 901; x_wconf 92' lang='lat' dir='ltr'>id</span> <span class='ocrx_word' id='word_1_87' title='bbox 763 857 883 919; x_wconf 89' lang='lat' dir='ltr'>quod</span> <span class='ocrx_word' id='word_1_88' title='bbox 906 857 1023 902; x_wconf 92' lang='lat' dir='ltr'>intus</span> <span class='ocrx_word' id='word_1_89' title='bbox 1047 868 1110 903; x_wconf 88' lang='lat' dir='ltr'>est</span> <span class='ocrx_word' id='word_1_90' title='bbox 1131 857 1263 904; x_wconf 61' lang='lat' dir='ltr'>fecit?</span> <span class='ocrx_word' id='word_1_91' title='bbox 1281 859 1462 904; x_wconf 88' lang='lat' dir='ltr'>Verum-</span> 
     </span>
     <span class='ocr_line' id='line_1_10' title="bbox 80 926 1460 991; baseline 0.004 -22"><span class='ocrx_word' id='word_1_92' title='bbox 80 949 100 969; x_wconf 86' lang='lat'>»</span> <span class='ocrx_word' id='word_1_93' title='bbox 117 938 260 973; x_wconf 88' lang='lat' dir='ltr'>tamen</span> <span class='ocrx_word' id='word_1_94' title='bbox 277 927 398 991; x_wconf 86' lang='lat' dir='ltr'>quod</span> <span class='ocrx_word' id='word_1_95' title='bbox 413 937 604 991; x_wconf 87' lang='lat' dir='ltr'>superest</span> <span class='ocrx_word' id='word_1_96' title='bbox 619 964 629 982; x_wconf 82' lang='lat'>‚</span> <span class='ocrx_word' id='word_1_97' title='bbox 657 926 756 971; x_wconf 83' lang='lat' dir='ltr'>date</span> <span class='ocrx_word' id='word_1_98' title='bbox 776 927 1091 991; x_wconf 83' lang='lat' dir='ltr'>eleemosynam</span> <span class='ocrx_word' id='word_1_99' title='bbox 1104 966 1115 985; x_wconf 84' lang='lat'>‚</span> <span class='ocrx_word' id='word_1_100' title='bbox 1139 939 1181 974; x_wconf 92' lang='lat' dir='ltr'>et</span> <span class='ocrx_word' id='word_1_101' title='bbox 1199 946 1298 975; x_wconf 90' lang='lat' dir='ltr'>ecce</span> <span class='ocrx_word' id='word_1_102' title='bbox 1316 930 1460 975; x_wconf 86' lang='lat' dir='ltr'>omnia</span> 
     </span>
     <span class='ocr_line' id='line_1_11' title="bbox 80 996 1465 1057; baseline 0.004 -17"><span class='ocrx_word' id='word_1_103' title='bbox 80 998 284 1043; x_wconf 86' lang='lat' dir='ltr'>»munda</span> <span class='ocrx_word' id='word_1_104' title='bbox 304 1008 405 1043; x_wconf 89' lang='lat' dir='ltr'>sunt</span> <span class='ocrx_word' id='word_1_105' title='bbox 429 996 600 1044; x_wconf 53' lang='lat' dir='ltr'>vobis‘k</span> <span class='ocrx_word' id='word_1_106' title='bbox 627 1018 647 1038; x_wconf 85' lang='lat'>»</span> <span class='ocrx_word' id='word_1_107' title='bbox 671 998 814 1042; x_wconf 85' lang='lat' dir='ltr'>Ita-ne</span> <span class='ocrx_word' id='word_1_108' title='bbox 830 997 917 1043; x_wconf 88' lang='lat' dir='ltr'>hoc</span> <span class='ocrx_word' id='word_1_109' title='bbox 934 997 1199 1045; x_wconf 83' lang='lat' dir='ltr'>intellecturi</span> <span class='ocrx_word' id='word_1_110' title='bbox 1219 1017 1384 1057; x_wconf 87' lang='lat' dir='ltr'>sumus,</span> <span class='ocrx_word' id='word_1_111' title='bbox 1415 1011 1465 1045; x_wconf 88' lang='lat' dir='ltr'>ut</span> 
     </span>
     <span class='ocr_line' id='line_1_12' title="bbox 79 1067 1460 1126; baseline 0.003 -13"><span class='ocrx_word' id='word_1_112' title='bbox 79 1068 310 1114; x_wconf 84' lang='lat' dir='ltr'>Pharisaeis</span> <span class='ocrx_word' id='word_1_113' title='bbox 335 1086 422 1114; x_wconf 92' lang='lat' dir='ltr'>non</span> <span class='ocrx_word' id='word_1_114' title='bbox 444 1068 710 1113; x_wconf 82' lang='lat' dir='ltr'>habentibus</span> <span class='ocrx_word' id='word_1_115' title='bbox 732 1067 863 1113; x_wconf 87' lang='lat' dir='ltr'>fidem</span> <span class='ocrx_word' id='word_1_116' title='bbox 888 1069 1081 1126; x_wconf 84' lang='lat' dir='ltr'>Christi,</span> <span class='ocrx_word' id='word_1_117' title='bbox 1109 1070 1275 1116; x_wconf 89' lang='lat' dir='ltr'>etiamsi</span> <span class='ocrx_word' id='word_1_118' title='bbox 1299 1088 1389 1117; x_wconf 92' lang='lat' dir='ltr'>non</span> <span class='ocrx_word' id='word_1_119' title='bbox 1413 1071 1460 1117; x_wconf 91' lang='lat' dir='ltr'>iu</span> 
     </span>
     <span class='ocr_line' id='line_1_13' title="bbox 78 1136 1457 1203; baseline 0.001 -20"><span class='ocrx_word' id='word_1_120' title='bbox 78 1154 178 1183; x_wconf 87' lang='lat' dir='ltr'>eum</span> <span class='ocrx_word' id='word_1_121' title='bbox 195 1137 485 1193; x_wconf 83' lang='lat' dir='ltr'>crediderint,</span> <span class='ocrx_word' id='word_1_122' title='bbox 516 1153 596 1182; x_wconf 88' lang='lat' dir='ltr'>nec</span> <span class='ocrx_word' id='word_1_123' title='bbox 622 1137 760 1182; x_wconf 86' lang='lat' dir='ltr'>renati</span> <span class='ocrx_word' id='word_1_124' title='bbox 790 1136 952 1182; x_wconf 84' lang='lat' dir='ltr'>fuerint</span> <span class='ocrx_word' id='word_1_125' title='bbox 979 1155 1027 1184; x_wconf 89' lang='lat' dir='ltr'>ex</span> <span class='ocrx_word' id='word_1_126' title='bbox 1048 1156 1159 1202; x_wconf 85' lang='lat' dir='ltr'>aqua</span> <span class='ocrx_word' id='word_1_127' title='bbox 1186 1150 1228 1185; x_wconf 91' lang='lat' dir='ltr'>et</span> <span class='ocrx_word' id='word_1_128' title='bbox 1258 1141 1428 1203; x_wconf 87' lang='lat' dir='ltr'>Spiritu</span> <span class='ocrx_word' id='word_1_129' title='bbox 1446 1178 1457 1196; x_wconf 96' lang='lat'>,</span> 
     </span>
     <span class='ocr_line' id='line_1_14' title="bbox 77 1208 1460 1269; baseline 0.001 -16"><span class='ocrx_word' id='word_1_130' title='bbox 77 1208 244 1254; x_wconf 89' lang='lat' dir='ltr'>munda</span> <span class='ocrx_word' id='word_1_131' title='bbox 266 1209 351 1254; x_wconf 89' lang='lat' dir='ltr'>sint</span> <span class='ocrx_word' id='word_1_132' title='bbox 375 1208 548 1260; x_wconf 88' lang='lat' dir='ltr'>omnia;</span> <span class='ocrx_word' id='word_1_133' title='bbox 570 1217 743 1252; x_wconf 80' lang='lat' dir='ltr'>tantum</span> <span class='ocrx_word' id='word_1_134' title='bbox 767 1208 801 1252; x_wconf 93' lang='lat' dir='ltr'>si</span> <span class='ocrx_word' id='word_1_135' title='bbox 821 1208 1110 1269; x_wconf 78' lang='lat' dir='ltr'>eleemosynas</span> <span class='ocrx_word' id='word_1_136' title='bbox 1140 1209 1340 1254; x_wconf 85' lang='lat' dir='ltr'>dederint</span> <span class='ocrx_word' id='word_1_137' title='bbox 1355 1246 1366 1265; x_wconf 84' lang='lat'>,</span> <span class='ocrx_word' id='word_1_138' title='bbox 1397 1211 1460 1254; x_wconf 91' lang='lat' dir='ltr'>si-</span> 
     </span>
     <span class='ocr_line' id='line_1_15' title="bbox 78 1276 1460 1338; baseline 0.001 -15"><span class='ocrx_word' id='word_1_139' title='bbox 78 1289 154 1323; x_wconf 87' lang='lat' dir='ltr'>cut</span> <span class='ocrx_word' id='word_1_140' title='bbox 182 1278 252 1322; x_wconf 87' lang='lat' dir='ltr'>isti</span> <span class='ocrx_word' id='word_1_141' title='bbox 282 1295 350 1322; x_wconf 89' lang='lat' dir='ltr'>eas</span> <span class='ocrx_word' id='word_1_142' title='bbox 385 1276 551 1322; x_wconf 85' lang='lat' dir='ltr'>dandas</span> <span class='ocrx_word' id='word_1_143' title='bbox 584 1278 777 1338; x_wconf 74' lang='lat' dir='ltr'>putant?</span> <span class='ocrx_word' id='word_1_144' title='bbox 808 1292 909 1320; x_wconf 85' lang='lat' dir='ltr'>cum</span> <span class='ocrx_word' id='word_1_145' title='bbox 939 1276 1026 1321; x_wconf 91' lang='lat' dir='ltr'>sint</span> <span class='ocrx_word' id='word_1_146' title='bbox 1069 1277 1288 1323; x_wconf 89' lang='lat' dir='ltr'>immundi</span> <span class='ocrx_word' id='word_1_147' title='bbox 1313 1296 1460 1325; x_wconf 89' lang='lat' dir='ltr'>omnes</span> 
     </span>
     <span class='ocr_line' id='line_1_16' title="bbox 77 1344 1458 1412; baseline 0.002 -20"><span class='ocrx_word' id='word_1_148' title='bbox 77 1364 186 1411; x_wconf 90' lang='lat' dir='ltr'>quos</span> <span class='ocrx_word' id='word_1_149' title='bbox 222 1364 310 1393; x_wconf 85' lang='lat' dir='ltr'>non</span> <span class='ocrx_word' id='word_1_150' title='bbox 340 1346 524 1392; x_wconf 85' lang='lat' dir='ltr'>mundat</span> <span class='ocrx_word' id='word_1_151' title='bbox 553 1345 659 1390; x_wconf 89' lang='lat' dir='ltr'>fides</span> <span class='ocrx_word' id='word_1_152' title='bbox 695 1345 887 1401; x_wconf 84' lang='lat' dir='ltr'>Christi,</span> <span class='ocrx_word' id='word_1_153' title='bbox 923 1344 977 1391; x_wconf 91' lang='lat' dir='ltr'>de</span> <span class='ocrx_word' id='word_1_154' title='bbox 1005 1363 1094 1409; x_wconf 85' lang='lat' dir='ltr'>qua</span> <span class='ocrx_word' id='word_1_155' title='bbox 1118 1348 1331 1412; x_wconf 87' lang='lat' dir='ltr'>scriptum</span> <span class='ocrx_word' id='word_1_156' title='bbox 1355 1360 1418 1395; x_wconf 91' lang='lat' dir='ltr'>est</span> <span class='ocrx_word' id='word_1_157' title='bbox 1446 1367 1458 1394; x_wconf 92' lang='lat'><strong>:</strong></span> 
     </span>
     <span class='ocr_line' id='line_1_17' title="bbox 80 1415 1457 1482; baseline 0.003 -20"><span class='ocrx_word' id='word_1_158' title='bbox 80 1438 101 1458; x_wconf 87' lang='lat'>«</span> <span class='ocrx_word' id='word_1_159' title='bbox 129 1417 344 1463; x_wconf 83' lang='lat' dir='ltr'>Mundans</span> <span class='ocrx_word' id='word_1_160' title='bbox 379 1416 466 1462; x_wconf 88' lang='lat' dir='ltr'>fide</span> <span class='ocrx_word' id='word_1_161' title='bbox 495 1415 628 1461; x_wconf 89' lang='lat' dir='ltr'>corda</span> <span class='ocrx_word' id='word_1_162' title='bbox 661 1416 841 1461; x_wconf 83' lang='lat' dir='ltr'>eorum2</span> <span class='ocrx_word' id='word_1_163' title='bbox 866 1433 877 1461; x_wconf 74' lang='grc' dir='ltr'>ε</span> <span class='ocrx_word' id='word_1_164' title='bbox 900 1437 921 1457; x_wconf 88' lang='lat'>»</span> <span class='ocrx_word' id='word_1_165' title='bbox 957 1427 1000 1462; x_wconf 91' lang='lat' dir='ltr'>et</span> <span class='ocrx_word' id='word_1_166' title='bbox 1033 1417 1150 1463; x_wconf 87' lang='lat' dir='ltr'>dicat</span> <span class='ocrx_word' id='word_1_167' title='bbox 1184 1419 1457 1482; x_wconf 82' lang='lat' dir='ltr'>Apostolus:</span> 
     </span>
     <span class='ocr_line' id='line_1_18' title="bbox 81 1485 1459 1547; baseline 0.005 -18"><span class='ocrx_word' id='word_1_168' title='bbox 81 1509 101 1529; x_wconf 83' lang='lat'>«</span> <span class='ocrx_word' id='word_1_169' title='bbox 126 1487 370 1533; x_wconf 88' lang='lat' dir='ltr'>lnnnuudis</span> <span class='ocrx_word' id='word_1_170' title='bbox 391 1497 534 1532; x_wconf 85' lang='lat' dir='ltr'>autem</span> <span class='ocrx_word' id='word_1_171' title='bbox 559 1496 600 1532; x_wconf 89' lang='lat' dir='ltr'>et</span> <span class='ocrx_word' id='word_1_172' title='bbox 622 1485 874 1531; x_wconf 85' lang='lat' dir='ltr'>infidelibus</span> <span class='ocrx_word' id='word_1_173' title='bbox 896 1486 1010 1532; x_wconf 89' lang='lat' dir='ltr'>nihil</span> <span class='ocrx_word' id='word_1_174' title='bbox 1032 1498 1093 1533; x_wconf 87' lang='lat' dir='ltr'>est</span> <span class='ocrx_word' id='word_1_175' title='bbox 1115 1489 1357 1547; x_wconf 89' lang='lat' dir='ltr'>mundum,</span> <span class='ocrx_word' id='word_1_176' title='bbox 1385 1490 1459 1536; x_wconf 89' lang='lat' dir='ltr'>sed</span> 
     </span>
     <span class='ocr_line' id='line_1_19' title="bbox 82 1558 1459 1622; baseline 0.005 -22"><span class='ocrx_word' id='word_1_177' title='bbox 82 1581 101 1600; x_wconf 83' lang='lat'>»</span> <span class='ocrx_word' id='word_1_178' title='bbox 119 1558 288 1622; x_wconf 86' lang='lat' dir='ltr'>polluta</span> <span class='ocrx_word' id='word_1_179' title='bbox 303 1569 404 1603; x_wconf 89' lang='lat' dir='ltr'>sunt</span> <span class='ocrx_word' id='word_1_180' title='bbox 423 1574 574 1603; x_wconf 88' lang='lat' dir='ltr'>eorum</span> <span class='ocrx_word' id='word_1_181' title='bbox 595 1567 637 1601; x_wconf 90' lang='lat' dir='ltr'>et</span> <span class='ocrx_word' id='word_1_182' title='bbox 654 1573 772 1602; x_wconf 85' lang='lat' dir='ltr'>mens</span> <span class='ocrx_word' id='word_1_183' title='bbox 790 1566 831 1601; x_wconf 84' lang='lat' dir='ltr'>et</span> <span class='ocrx_word' id='word_1_184' title='bbox 851 1558 1158 1606; x_wconf 43' lang='lat' dir='ltr'>conscientia&amp;</span> <span class='ocrx_word' id='word_1_185' title='bbox 1184 1581 1204 1601; x_wconf 86' lang='lat'>))</span> <span class='ocrx_word' id='word_1_186' title='bbox 1223 1560 1459 1616; x_wconf 89' lang='lat' dir='ltr'>Quomodo</span> 
     </span>
     <span class='ocr_line' id='line_1_20' title="bbox 81 1626 1460 1694; baseline 0.003 -21"><span class='ocrx_word' id='word_1_187' title='bbox 81 1646 180 1688; x_wconf 83' lang='lat' dir='ltr'>ergo</span> <span class='ocrx_word' id='word_1_188' title='bbox 203 1628 434 1673; x_wconf 81' lang='lat' dir='ltr'>Pharisaeis</span> <span class='ocrx_word' id='word_1_189' title='bbox 453 1628 597 1672; x_wconf 88' lang='lat' dir='ltr'>omnia</span> <span class='ocrx_word' id='word_1_190' title='bbox 620 1626 786 1672; x_wconf 88' lang='lat' dir='ltr'>munda</span> <span class='ocrx_word' id='word_1_191' title='bbox 808 1638 946 1672; x_wconf 89' lang='lat' dir='ltr'>essent</span> <span class='ocrx_word' id='word_1_192' title='bbox 960 1665 970 1683; x_wconf 92' lang='lat'>,</span> <span class='ocrx_word' id='word_1_193' title='bbox 1002 1629 1037 1673; x_wconf 90' lang='lat' dir='ltr'>si</span> <span class='ocrx_word' id='word_1_194' title='bbox 1065 1628 1355 1694; x_wconf 83' lang='lat' dir='ltr'>eleemosynas</span> <span class='ocrx_word' id='word_1_195' title='bbox 1377 1631 1460 1677; x_wconf 89' lang='lat' dir='ltr'>da-</span> 
     </span>
     <span class='ocr_line' id='line_1_21' title="bbox 80 1699 1457 1761; baseline 0.004 -17"><span class='ocrx_word' id='word_1_196' title='bbox 80 1710 174 1745; x_wconf 89' lang='lat' dir='ltr'>rent</span> <span class='ocrx_word' id='word_1_197' title='bbox 190 1737 200 1756; x_wconf 96' lang='lat'>,</span> <span class='ocrx_word' id='word_1_198' title='bbox 226 1710 268 1744; x_wconf 89' lang='lat' dir='ltr'>et</span> <span class='ocrx_word' id='word_1_199' title='bbox 294 1699 439 1744; x_wconf 83' lang='lat' dir='ltr'>fideles</span> <span class='ocrx_word' id='word_1_200' title='bbox 458 1715 548 1743; x_wconf 87' lang='lat' dir='ltr'>non</span> <span class='ocrx_word' id='word_1_201' title='bbox 564 1701 733 1743; x_wconf 73' lang='lat' dir='ltr'>essenti&gt;</span> <span class='ocrx_word' id='word_1_202' title='bbox 765 1700 852 1743; x_wconf 87' lang='lat' dir='ltr'>Aut</span> <span class='ocrx_word' id='word_1_203' title='bbox 869 1699 1092 1761; x_wconf 86' lang='lat' dir='ltr'>quomodo</span> <span class='ocrx_word' id='word_1_204' title='bbox 1121 1700 1268 1747; x_wconf 88' lang='lat' dir='ltr'>fideles</span> <span class='ocrx_word' id='word_1_205' title='bbox 1294 1714 1457 1760; x_wconf 89' lang='lat' dir='ltr'>essent,</span> 
     </span>
     <span class='ocr_line' id='line_1_22' title="bbox 80 1767 1463 1832; baseline 0.004 -18"><span class='ocrx_word' id='word_1_206' title='bbox 80 1770 115 1814; x_wconf 91' lang='lat' dir='ltr'>si</span> <span class='ocrx_word' id='word_1_207' title='bbox 138 1771 185 1815; x_wconf 90' lang='lat' dir='ltr'>in</span> <span class='ocrx_word' id='word_1_208' title='bbox 210 1769 439 1815; x_wconf 87' lang='lat' dir='ltr'>Christum</span> <span class='ocrx_word' id='word_1_209' title='bbox 470 1767 645 1813; x_wconf 87' lang='lat' dir='ltr'>credere</span> <span class='ocrx_word' id='word_1_210' title='bbox 670 1778 798 1831; x_wconf 86' lang='lat' dir='ltr'>atque</span> <span class='ocrx_word' id='word_1_211' title='bbox 827 1767 875 1812; x_wconf 92' lang='lat' dir='ltr'>in</span> <span class='ocrx_word' id='word_1_212' title='bbox 905 1771 996 1827; x_wconf 91' lang='lat' dir='ltr'>ejus</span> <span class='ocrx_word' id='word_1_213' title='bbox 1018 1771 1185 1817; x_wconf 85' lang='lat' dir='ltr'>renasci</span> <span class='ocrx_word' id='word_1_214' title='bbox 1215 1772 1351 1832; x_wconf 86' lang='lat' dir='ltr'>gratia</span> <span class='ocrx_word' id='word_1_215' title='bbox 1375 1791 1463 1819; x_wconf 89' lang='lat' dir='ltr'>no-</span> 
     </span>
     <span class='ocr_line' id='line_1_23' title="bbox 80 1838 1464 1901; baseline 0.003 -17"><span class='ocrx_word' id='word_1_216' title='bbox 80 1838 284 1885; x_wconf 66' lang='lat' dir='ltr'>luissent?</span> <span class='ocrx_word' id='word_1_217' title='bbox 310 1840 367 1884; x_wconf 82' lang='lat' dir='ltr'>Et</span> <span class='ocrx_word' id='word_1_218' title='bbox 402 1849 546 1883; x_wconf 87' lang='lat' dir='ltr'>tamen</span> <span class='ocrx_word' id='word_1_219' title='bbox 579 1854 731 1883; x_wconf 90' lang='lat' dir='ltr'>verum</span> <span class='ocrx_word' id='word_1_220' title='bbox 765 1847 827 1882; x_wconf 88' lang='lat' dir='ltr'>est</span> <span class='ocrx_word' id='word_1_221' title='bbox 851 1839 972 1901; x_wconf 89' lang='lat' dir='ltr'>quod</span> <span class='ocrx_word' id='word_1_222' title='bbox 1005 1840 1270 1887; x_wconf 87' lang='lat' dir='ltr'>audierunt:</span> <span class='ocrx_word' id='word_1_223' title='bbox 1309 1844 1464 1890; x_wconf 83' lang='lat' dir='ltr'>«Date</span> 
     </span>
     <span class='ocr_line' id='line_1_24' title="bbox 83 1909 1463 1972; baseline 0.007 -21"><span class='ocrx_word' id='word_1_224' title='bbox 83 1931 103 1951; x_wconf 86' lang='lat'>»</span> <span class='ocrx_word' id='word_1_225' title='bbox 119 1909 457 1972; x_wconf 81' lang='lat' dir='ltr'>eleemosynam,</span> <span class='ocrx_word' id='word_1_226' title='bbox 487 1919 529 1954; x_wconf 88' lang='lat' dir='ltr'>et</span> <span class='ocrx_word' id='word_1_227' title='bbox 548 1925 647 1954; x_wconf 89' lang='lat' dir='ltr'>ecce</span> <span class='ocrx_word' id='word_1_228' title='bbox 677 1909 824 1953; x_wconf 82' lang='lat' dir='ltr'>omnia</span> <span class='ocrx_word' id='word_1_229' title='bbox 848 1909 1015 1956; x_wconf 83' lang='lat' dir='ltr'>munda</span> <span class='ocrx_word' id='word_1_230' title='bbox 1039 1921 1140 1956; x_wconf 86' lang='lat' dir='ltr'>sunt</span> <span class='ocrx_word' id='word_1_231' title='bbox 1163 1913 1302 1960; x_wconf 71' lang='lat' dir='ltr'>vobis.</span> <span class='ocrx_word' id='word_1_232' title='bbox 1325 1935 1346 1955; x_wconf 89' lang='lat'>»</span> <span class='ocrx_word' id='word_1_233' title='bbox 1372 1915 1463 1971; x_wconf 86' lang='lat' dir='ltr'>Qui</span> 
     </span>
     <span class='ocr_line' id='line_1_25' title="bbox 82 1978 1464 2046; baseline 0.004 -21"><span class='ocrx_word' id='word_1_234' title='bbox 82 1980 194 2025; x_wconf 89' lang='lat' dir='ltr'>enim</span> <span class='ocrx_word' id='word_1_235' title='bbox 225 1980 322 2025; x_wconf 87' lang='lat' dir='ltr'>vult</span> <span class='ocrx_word' id='word_1_236' title='bbox 352 1979 548 2025; x_wconf 88' lang='lat' dir='ltr'>ordinate</span> <span class='ocrx_word' id='word_1_237' title='bbox 579 1978 682 2024; x_wconf 85' lang='lat' dir='ltr'>dare</span> <span class='ocrx_word' id='word_1_238' title='bbox 712 1978 1053 2042; x_wconf 82' lang='lat' dir='ltr'>eleemosynam,</span> <span class='ocrx_word' id='word_1_239' title='bbox 1093 1999 1117 2026; x_wconf 85' lang='lat' dir='ltr'>a</span> <span class='ocrx_word' id='word_1_240' title='bbox 1140 2000 1182 2028; x_wconf 90' lang='lat' dir='ltr'>se</span> <span class='ocrx_word' id='word_1_241' title='bbox 1209 1984 1305 2046; x_wconf 91' lang='lat' dir='ltr'>ipso</span> <span class='ocrx_word' id='word_1_242' title='bbox 1333 1984 1464 2030; x_wconf 87' lang='lat' dir='ltr'>dehet</span> 
     </span>
     <span class='ocr_line' id='line_1_26' title="bbox 82 2048 1465 2116; baseline 0.005 -22"><span class='ocrx_word' id='word_1_243' title='bbox 82 2049 297 2113; x_wconf 84' lang='lat' dir='ltr'>incipere,</span> <span class='ocrx_word' id='word_1_244' title='bbox 320 2059 361 2094; x_wconf 88' lang='lat' dir='ltr'>et</span> <span class='ocrx_word' id='word_1_245' title='bbox 383 2066 477 2094; x_wconf 78' lang='lat' dir='ltr'>eam</span> <span class='ocrx_word' id='word_1_246' title='bbox 498 2048 581 2093; x_wconf 88' lang='lat' dir='ltr'>sibi</span> <span class='ocrx_word' id='word_1_247' title='bbox 603 2048 797 2111; x_wconf 91' lang='lat' dir='ltr'>primum</span> <span class='ocrx_word' id='word_1_248' title='bbox 816 2048 932 2095; x_wconf 84' lang='lat' dir='ltr'>dare.</span> <span class='ocrx_word' id='word_1_249' title='bbox 965 2051 1040 2094; x_wconf 88' lang='lat' dir='ltr'>Est</span> <span class='ocrx_word' id='word_1_250' title='bbox 1058 2051 1173 2096; x_wconf 87' lang='lat' dir='ltr'>euim</span> <span class='ocrx_word' id='word_1_251' title='bbox 1193 2052 1465 2116; x_wconf 83' lang='lat' dir='ltr'>eleemosyna</span> 
     </span>
     <span class='ocr_line' id='line_1_27' title="bbox 82 2118 1463 2183; baseline 0.006 -19"><span class='ocrx_word' id='word_1_252' title='bbox 82 2136 192 2183; x_wconf 91' lang='lat' dir='ltr'>opus</span> <span class='ocrx_word' id='word_1_253' title='bbox 216 2119 550 2172; x_wconf 58' lang='lat' dir='ltr'>misericordiam</span> <span class='ocrx_word' id='word_1_254' title='bbox 577 2118 882 2181; x_wconf 86' lang='lat' dir='ltr'>verissimeque</span> <span class='ocrx_word' id='word_1_255' title='bbox 905 2118 1074 2165; x_wconf 89' lang='lat' dir='ltr'>dictum</span> <span class='ocrx_word' id='word_1_256' title='bbox 1093 2132 1155 2167; x_wconf 84' lang='lat' dir='ltr'>est</span> <span class='ocrx_word' id='word_1_257' title='bbox 1177 2140 1186 2166; x_wconf 92' lang='lat'><strong>:</strong></span> <span class='ocrx_word' id='word_1_258' title='bbox 1215 2143 1235 2163; x_wconf 86' lang='lat'>«</span> <span class='ocrx_word' id='word_1_259' title='bbox 1262 2124 1463 2171; x_wconf 86' lang='lat' dir='ltr'>Miserere</span> 
     </span>
     <span class='ocr_line' id='line_1_28' title="bbox 84 2187 1459 2253; baseline 0.004 -18"><span class='ocrx_word' id='word_1_260' title='bbox 84 2211 104 2231; x_wconf 74' lang='lat'>&gt;2</span> <span class='ocrx_word' id='word_1_261' title='bbox 123 2190 280 2235; x_wconf 82' lang='lat' dir='ltr'>animae</span> <span class='ocrx_word' id='word_1_262' title='bbox 307 2199 393 2234; x_wconf 84' lang='lat' dir='ltr'>tuae</span> <span class='ocrx_word' id='word_1_263' title='bbox 417 2188 594 2251; x_wconf 88' lang='lat' dir='ltr'>placens</span> <span class='ocrx_word' id='word_1_264' title='bbox 618 2187 750 2235; x_wconf 69' lang='lat' dir='ltr'>Deo4.</span> <span class='ocrx_word' id='word_1_265' title='bbox 780 2209 800 2228; x_wconf 58' lang='grc' dir='ltr'>ε</span> <span class='ocrx_word' id='word_1_266' title='bbox 832 2191 1019 2251; x_wconf 85' lang='lat' dir='ltr'>Propter</span> <span class='ocrx_word' id='word_1_267' title='bbox 1048 2190 1136 2237; x_wconf 91' lang='lat' dir='ltr'>hoc</span> <span class='ocrx_word' id='word_1_268' title='bbox 1167 2195 1459 2253; x_wconf 88' lang='lat' dir='ltr'>renascimur,</span> 
     </span>
     <span class='ocr_line' id='line_1_29' title="bbox 83 2258 1463 2325; baseline 0.005 -20"><span class='ocrx_word' id='word_1_269' title='bbox 83 2271 132 2305; x_wconf 88' lang='lat' dir='ltr'>ut</span> <span class='ocrx_word' id='word_1_270' title='bbox 156 2261 247 2305; x_wconf 92' lang='lat' dir='ltr'>Deo</span> <span class='ocrx_word' id='word_1_271' title='bbox 274 2259 524 2322; x_wconf 84' lang='lat' dir='ltr'>placeamus</span> <span class='ocrx_word' id='word_1_272' title='bbox 542 2296 553 2315; x_wconf 94' lang='lat'>,</span> <span class='ocrx_word' id='word_1_273' title='bbox 586 2258 659 2304; x_wconf 90' lang='lat' dir='ltr'>cui</span> <span class='ocrx_word' id='word_1_274' title='bbox 686 2259 840 2304; x_wconf 84' lang='lat' dir='ltr'>merito</span> <span class='ocrx_word' id='word_1_275' title='bbox 868 2259 1072 2323; x_wconf 86' lang='lat' dir='ltr'>displicet</span> <span class='ocrx_word' id='word_1_276' title='bbox 1101 2263 1222 2325; x_wconf 89' lang='lat' dir='ltr'>quod</span> <span class='ocrx_word' id='word_1_277' title='bbox 1245 2267 1463 2312; x_wconf 85' lang='lat' dir='ltr'>nascendo</span> 
     </span>
     <span class='ocr_line' id='line_1_30' title="bbox 83 2329 1464 2396; baseline 0.004 -20"><span class='ocrx_word' id='word_1_278' title='bbox 83 2331 389 2376; x_wconf 74' lang='lat' dir='ltr'>contraximuse</span> <span class='ocrx_word' id='word_1_279' title='bbox 434 2329 543 2374; x_wconf 86' lang='lat' dir='ltr'>Haec</span> <span class='ocrx_word' id='word_1_280' title='bbox 574 2339 636 2374; x_wconf 91' lang='lat' dir='ltr'>est</span> <span class='ocrx_word' id='word_1_281' title='bbox 667 2329 811 2392; x_wconf 86' lang='lat' dir='ltr'>prima</span> <span class='ocrx_word' id='word_1_282' title='bbox 847 2329 1138 2393; x_wconf 85' lang='lat' dir='ltr'>eleemosyna,</span> <span class='ocrx_word' id='word_1_283' title='bbox 1177 2350 1309 2396; x_wconf 84' lang='lat' dir='ltr'>quam</span> <span class='ocrx_word' id='word_1_284' title='bbox 1337 2337 1464 2382; x_wconf 85' lang='lat' dir='ltr'>nobis</span> 
     </span>
     <span class='ocr_line' id='line_1_31' title="bbox 85 2400 1464 2464; baseline 0.004 -18"><span class='ocrx_word' id='word_1_285' title='bbox 85 2401 284 2446; x_wconf 87' lang='lat' dir='ltr'>dedimus</span> <span class='ocrx_word' id='word_1_286' title='bbox 299 2438 310 2456; x_wconf 93' lang='lat'>,</span> <span class='ocrx_word' id='word_1_287' title='bbox 338 2400 546 2463; x_wconf 87' lang='lat' dir='ltr'>quoniam</span> <span class='ocrx_word' id='word_1_288' title='bbox 573 2416 651 2444; x_wconf 89' lang='lat' dir='ltr'>nos</span> <span class='ocrx_word' id='word_1_289' title='bbox 674 2400 790 2462; x_wconf 86' lang='lat' dir='ltr'>ipsos</span> <span class='ocrx_word' id='word_1_290' title='bbox 811 2400 986 2446; x_wconf 89' lang='lat' dir='ltr'>miseros</span> <span class='ocrx_word' id='word_1_291' title='bbox 1008 2418 1088 2464; x_wconf 89' lang='lat' dir='ltr'>per</span> <span class='ocrx_word' id='word_1_292' title='bbox 1120 2403 1360 2450; x_wconf 87' lang='lat' dir='ltr'>miserantis</span> <span class='ocrx_word' id='word_1_293' title='bbox 1384 2407 1464 2452; x_wconf 82' lang='lat' dir='ltr'>Dei</span> 
     </span>
     <span class='ocr_line' id='line_1_32' title="bbox 85 2469 1463 2534; baseline 0.004 -18"><span class='ocrx_word' id='word_1_294' title='bbox 85 2470 424 2516; x_wconf 87' lang='lat' dir='ltr'>misericordiam</span> <span class='ocrx_word' id='word_1_295' title='bbox 449 2469 752 2533; x_wconf 83' lang='lat' dir='ltr'>requisivimus</span> <span class='ocrx_word' id='word_1_296' title='bbox 771 2507 783 2526; x_wconf 85' lang='lat'>,</span> <span class='ocrx_word' id='word_1_297' title='bbox 804 2473 972 2529; x_wconf 87' lang='lat' dir='ltr'>justum</span> <span class='ocrx_word' id='word_1_298' title='bbox 986 2471 1207 2531; x_wconf 84' lang='lat' dir='ltr'>judicium</span> <span class='ocrx_word' id='word_1_299' title='bbox 1233 2478 1324 2534; x_wconf 79' lang='lat' dir='ltr'>eJ&#39;us</span> <span class='ocrx_word' id='word_1_300' title='bbox 1351 2493 1463 2522; x_wconf 91' lang='lat' dir='ltr'>con—</span> 
     </span>
    </p>

    <p class='ocr_par' dir='ltr' id='par_1_3' title="bbox 88 2558 1464 2657">
     <span class='ocr_line' id='line_1_33' title="bbox 136 2558 1464 2603; baseline 0.005 -10"><span class='ocrx_word' id='word_1_301' title='bbox 136 2561 146 2583; x_wconf 95' lang='lat'><strong>¹</strong></span> <span class='ocrx_word' id='word_1_302' title='bbox 180 2565 256 2593; x_wconf 85' lang='lat' dir='ltr'>Luc.</span> <span class='ocrx_word' id='word_1_303' title='bbox 280 2572 340 2599; x_wconf 82' lang='lat' dir='ltr'>xr,</span> <span class='ocrx_word' id='word_1_304' title='bbox 377 2562 494 2600; x_wconf 78' lang='lat'>37-41.</span> <span class='ocrx_word' id='word_1_305' title='bbox 531 2579 573 2585; x_wconf 90' lang='lat'>—-</span> <span class='ocrx_word' id='word_1_306' title='bbox 605 2558 622 2583; x_wconf 77' lang='lat'>²</span> <span class='ocrx_word' id='word_1_307' title='bbox 655 2563 731 2596; x_wconf 83' lang='lat' dir='ltr'>Act.</span> <span class='ocrx_word' id='word_1_308' title='bbox 754 2572 807 2600; x_wconf 79' lang='lat' dir='ltr'>xv,</span> <span class='ocrx_word' id='word_1_309' title='bbox 839 2574 870 2603; x_wconf 90' lang='lat'>9.</span> <span class='ocrx_word' id='word_1_310' title='bbox 896 2580 942 2586; x_wconf 93' lang='lat'>—</span> <span class='ocrx_word' id='word_1_311' title='bbox 969 2560 984 2584; x_wconf 81' lang='grc'><strong>3</strong></span> <span class='ocrx_word' id='word_1_312' title='bbox 1012 2565 1076 2595; x_wconf 71' lang='lat' dir='ltr'>Tit,</span> <span class='ocrx_word' id='word_1_313' title='bbox 1107 2575 1129 2602; x_wconf 84' lang='lat'>1,</span> <span class='ocrx_word' id='word_1_314' title='bbox 1167 2566 1219 2596; x_wconf 86' lang='lat'>15.</span> <span class='ocrx_word' id='word_1_315' title='bbox 1245 2584 1284 2590; x_wconf 90' lang='lat'>-—</span> <span class='ocrx_word' id='word_1_316' title='bbox 1318 2564 1333 2588; x_wconf 73' lang='lat'><em>⁴</em></span> <span class='ocrx_word' id='word_1_317' title='bbox 1368 2568 1464 2602; x_wconf 86' lang='lat' dir='ltr'>Eccli.</span> 
     </span>
     <span class='ocr_line' id='line_1_34' title="bbox 88 2619 264 2657; baseline 0.006 -11"><span class='ocrx_word' id='word_1_318' title='bbox 88 2625 176 2657; x_wconf 83' lang='lat' dir='ltr'>xxx,</span> <span class='ocrx_word' id='word_1_319' title='bbox 208 2619 264 2650; x_wconf 75' lang='lat'>24.</span> 
     </span>
    </p>
   </div>
   <div class='ocr_carea' id='block_1_3' title="bbox 1259 2686 1326 2718">
    <p class='ocr_par' dir='ltr' id='par_1_4' title="bbox 1259 2686 1326 2718">
     <span class='ocr_line' id='line_1_35' title="bbox 1259 2686 1326 2718; baseline 0.045 -3"><span class='ocrx_word' id='word_1_320' title='bbox 1259 2686 1326 2718; x_wconf 86' lang='lat'>10.</span> 
     </span>
    </p>
   </div>
  </div>
 </body>
</html>
