1758 3246
327 308 419 370 [496
750 319 784 351 s,
829 319 1070 351 Acocsnxt
1109 319 1311 351 Erlscopt

325 388 459 434 verba
484 383 656 432 aliunde
681 385 977 432 transtulimus
1000 423 1011 442 ,
1036 386 1092 432 ab
1116 386 1205 432 istis
1224 386 1451 432 mendacia
1475 386 1706 451 putabun-

326 469 411 504 tur.
442 459 497 503 Et
516 469 640 522 petra
671 458 871 504 Christus
888 457 926 513 1,
957 471 998 503 et
1030 475 1106 502 eor
1132 457 1354 521 lapideum
1377 458 1630 504 Judaeorum
1649 460 1666 488 2
1693 478 1702 504 :

326 529 429 574 item
443 528 509 574 leo
535 528 754 583 Christus,
776 539 818 574 et
835 528 901 574 leo
916 527 1116 573 diabolus
1135 528 1171 584 3,
1194 539 1236 573 et
1260 529 1591 574 innumerabilia
1607 529 1707 574 talia

328 598 528 644 dicentur
554 615 641 644 esse
657 597 899 647 mendacia,
935 596 1054 654 Quid
1084 597 1204 660 quod
1231 597 1328 643 haec
1358 599 1524 662 tropica
1544 597 1706 644 locutio

327 685 465 732 usque
484 668 538 714 ad
555 685 649 714 eam
668 668 894 730 pervenit,
916 684 1015 731 quae
1042 666 1290 730 appellatur
1321 668 1584 732 antiphrasis
1607 706 1617 725 ,
1661 680 1708 714 ut
1756 705 1758 709 .

329 739 501 785 dicatur
521 737 744 784 abundare
767 737 886 801 quod
907 754 995 783 non
1020 747 1107 793 est,
1131 736 1304 783 dicatur
1328 738 1454 783 dulce
1479 738 1597 801 quod
1623 738 1708 784 aci-

327 809 434 856 dum
457 819 519 855 est
541 828 552 862 3
573 808 698 854 lucus
721 808 839 871 quod
864 826 951 854 non
976 807 1148 863 luceat,
1176 808 1326 854 Parcae
1347 808 1467 871 quod
1492 826 1578 854 non
1602 826 1708 872 par-

331 891 446 927 cant.
482 879 608 924 Unde
638 878 750 925 illud
777 889 838 924 est
861 879 906 925 in
942 878 1185 941 Scripturis
1205 879 1361 923 sanctis
1388 897 1398 923 ε
1426 879 1513 924 «Si
1543 896 1631 924 non
1666 881 1710 926 in

330 971 351 992 >)
373 950 531 996 faeiem
550 948 818 994 benedixerit
846 949 929 995 tibi
945 951 960 977 Δ
984 967 994 994 z
1020 970 1038 990 »
1068 947 1187 1013 quod
1212 947 1412 993 diabolus
1439 949 1498 993 ait
1524 948 1709 995 Domino

330 1020 384 1066 de
407 1030 556 1066 sancto
574 1020 597 1064 J
604 1020 685 1076 ob,
704 1029 745 1064 et
762 1019 1019 1079 intelligitur
1037 1037 1047 1064 ε
1073 1041 1092 1061 «
1114 1018 1393 1065 Maledixerit.
1411 1041 1430 1060 »
1455 1019 1556 1075 Quo
1576 1020 1709 1065 verbo

331 1102 372 1137 et
397 1090 622 1137 Nabuthei
645 1090 800 1136 fictum
821 1090 986 1136 crimen
1005 1107 1027 1135 a
1050 1089 1421 1135 calumniantibus
1439 1089 1709 1135 nominatum

331 1172 405 1208 est.
435 1161 613 1207 Dictum
637 1171 699 1206 est
721 1161 834 1206 enim
855 1159 974 1223 quod
992 1181 1010 1201 α
1031 1159 1298 1205 Benedixerit
1323 1159 1409 1219 regi
1432 1196 1442 1215 ,
1462 1181 1482 1200 »
1509 1159 1595 1204 hoc
1613 1170 1674 1204 est
1695 1196 1706 1216 ,

332 1252 352 1273 «
369 1229 681 1276 Maledixerit.»
701 1229 759 1274 Hi
784 1245 930 1273 omnes
952 1230 1071 1273 modi
1091 1229 1364 1274 locutionum
1385 1228 1608 1274 mendacia
1622 1245 1710 1292 pu-

331 1301 563 1355 tabuntur,
583 1300 619 1344 si
639 1298 806 1344 locutio
828 1298 896 1344 vel
920 1299 1033 1344 actio
1055 1298 1238 1358 figurata
1261 1298 1306 1343 in
1329 1298 1554 1343 mendacio
1575 1298 1711 1361 depu-

332 1371 513 1417 tabitur.
538 1369 586 1415 Si
608 1379 746 1414 autem
768 1386 855 1414 non
874 1380 935 1413 est
958 1369 1258 1419 mendacium,
1285 1368 1460 1431 quando
1479 1368 1531 1414 ad
1554 1368 1711 1414 intelli-

332 1441 520 1503 gentiam
554 1440 746 1486 veritatis
776 1439 894 1484 aliud
926 1457 974 1484 ex
1011 1439 1093 1484 alio
1129 1439 1412 1498 significantia
1441 1439 1707 1495 referuntur,

331 1510 527 1576 profecto
547 1527 633 1555 non
655 1509 793 1554 solum
815 1508 859 1554 id
884 1508 1002 1572 quod
1024 1508 1126 1555 fecit
1143 1519 1218 1555 aut
1245 1509 1351 1554 dixit
1371 1509 1511 1555 Jacob
1534 1509 1648 1572 patri
1665 1519 1712 1554 ut

332 1582 660 1629 benediceretur
677 1580 713 1636 5,
735 1579 807 1625 sed
836 1597 975 1643 neque
996 1580 1105 1626 illud
1124 1580 1243 1645 quod
1268 1580 1433 1644 Joseph
1461 1579 1579 1626 velut
1607 1579 1712 1625 illu-

331 1652 482 1700 dendis
499 1652 670 1697 locutus
687 1661 749 1696 est
765 1650 975 1696 fratribus
987 1652 1023 1700 6.
1037 1668 1175 1715 neque
1194 1650 1314 1715 quod
1332 1650 1473 1697 David
1495 1650 1713 1696 simulavit

328 1722 592 1779 insania1n⁷‚
624 1739 705 1767 nec
724 1733 881 1768 caetera
910 1722 1190 1782 hujusmodi,
1218 1722 1448 1768 mendacia
1469 1721 1711 1782 judicanda

333 1805 433 1841 sunt
455 1831 467 1851 ,
494 1792 569 1838 sed
592 1792 834 1838 locutiones
860 1793 1134 1856 actionesque
1152 1793 1427 1856 propheticae
1455 1791 1507 1837 ad
1538 1809 1584 1837 ea
1613 1808 1713 1854 quae

333 1883 433 1913 vera
451 1874 551 1911 sunt
573 1862 852 1923 intelligenda
868 1862 1117 1910 referendae.
1151 1864 1263 1921 Quae
1275 1873 1504 1927 propterea
1520 1861 1713 1922 figuratis

332 1935 452 1983 Velut
465 1933 695 1980 amictibus
710 1933 994 1993 obteguntur,
1017 1945 1241 1979 utsensum
1260 1934 1330 1997 pie
1347 1933 1578 1997 quaerentis
1596 1950 1713 1977 exer-

332 2016 485 2061 ceant,
514 2014 556 2049 et
579 2021 631 2049 ne
657 2003 776 2049 nuda
801 2020 850 2049 ac
872 2014 1081 2067 prompta
1103 2003 1324 2050 vilescant.
1368 2003 1577 2060 Quamvis
1613 2020 1712 2066 quae

333 2076 426 2122 aliis
446 2074 553 2120 loeis
574 2083 718 2136 aperte
743 2091 793 2119 ae
815 2072 1040 2119 manifeste
1078 2073 1194 2119 dicta
1223 2073 1456 2120 didicimus
1478 2111 1488 2130 ‚
1526 2091 1627 2119 cum
1665 2090 1713 2118 ea

331 2145 426 2210 ipsa
444 2145 497 2191 de
524 2144 683 2192 abditis
703 2154 932 2200 eruuntur,
957 2144 1002 2189 in
1020 2155 1164 2190 nostra
1189 2144 1379 2208 quodam
1406 2144 1537 2190 modo
1561 2144 1714 2204 cogni-

334 2218 451 2262 tione
475 2224 756 2270 renovantur,
774 2225 815 2259 et
830 2225 1033 2260 renovata
1053 2214 1321 2262 dulcescunt.
1353 2216 1443 2261 Nee
1464 2214 1687 2260 invidentu
1698 2231 1714 2258 r

333 2287 602 2334 discentibus
620 2323 630 2342 ‚
658 2285 780 2349 quod
803 2285 872 2330 his
896 2285 1036 2331 modis
1053 2289 1344 2334 obscurantur
1371 2304 1382 2332 ι
1403 2286 1472 2331 sed
1492 2302 1710 2332 commen-

334 2357 494 2404 dantur
520 2355 677 2416 magis‚
706 2366 754 2401 ut
769 2355 891 2418 quasi
913 2356 1135 2402 subtracta
1156 2356 1454 2402 desiderentur
1474 2355 1710 2409 ardentius,

332 2439 374 2473 et
392 2426 670 2474 inveniantur
694 2424 935 2470 desiderata
959 2426 1213 2484 jucundius,
1264 2427 1428 2471 Tamen
1457 2442 1557 2470 vera
1575 2461 1586 2480 ,
1624 2440 1712 2469 non

331 2497 437 2545 falsa
453 2497 687 2550 dicuntur3
713 2495 920 2560 quoniam
950 2513 1050 2542 vera
1069 2534 1079 2553 ‚
1115 2514 1204 2542 non
1240 2496 1345 2542 falsa
1376 2495 1677 2556 significantur
1698 2532 1709 2551 ‚

379 2587 391 2610 ¹
412 2599 425 2618 1
446 2588 523 2620 Cor.
539 2596 573 2626 x,
596 2591 628 2622 4.
646 2603 689 2608 -
714 2582 730 2606 ²
753 2584 865 2616 Ezech.
881 2596 993 2623 xxxw,
1013 2587 1067 2618 26.
1083 2603 1130 2608 —
1148 2582 1162 2606 3
1183 2597 1193 2616 1
1217 2588 1301 2617 Pelr.
1332 2597 1363 2623 v,
1378 2586 1410 2616 8.
1427 2602 1471 2609 -—
1491 2582 1506 2606 ⁴
1522 2583 1600 2616 Job.
1618 2595 1656 2621 u,
1677 2583 1710 2616 5.

332 2657 378 2668 .-
391 2640 404 2666 5
425 2643 442 2674 3
459 2644 539 2683 Reg.
552 2650 622 2680 xxt,
641 2635 772 2674 13.—·⁶
787 2641 869 2672 Gen.
885 2649 1104 2681 xxvn‚19.—
1118 2638 1131 2661 ⁷
1148 2639 1197 2672 Id.
1216 2651 1298 2685 xxix,
1313 2651 1391 2681 9.—
1405 2637 1420 2662 ⁸
1442 2652 1454 2671 1
1472 2643 1549 2682 neg.
1569 2651 1636 2679 χιιι,
1656 2641 1708 2673 13.
