1758 3246
414 288 466 317 DF.
502 285 955 326 comffinnrm‚1,113.
999 287 1028 315 1.
1329 267 1420 322 243

58 350 278 414 quomodo
308 352 377 397 isti
395 350 714 395 mortificantur
734 365 864 412 opere
882 349 1189 404 continentiae,
1214 347 1296 393 nisi
1322 363 1423 393 cum

59 421 116 466 eis
142 432 283 466 mente
305 438 392 465 non
415 419 706 471 consentitur,
729 435 807 464 nec
830 418 1091 462 exhibentur
1110 417 1180 465 eis
1186 434 1304 464 arma
1323 433 1426 462 coi-

57 492 175 553 polis
195 491 363 536 membr
366 508 412 542 a,
441 500 483 534 et
506 489 623 551 quod
641 499 703 533 est
729 493 896 548 majus,
925 498 1052 551 atque
1078 487 1298 546 xigilantia
1319 504 1429 533 con-

58 561 251 606 tinentiae
273 577 433 618 majore
457 559 701 604 curandum
716 595 727 613 ,
752 558 848 620 ipsa
871 558 1000 603 etiam
1023 567 1168 602 nostra
1193 557 1397 615 cogitatio
1414 593 1426 612 ‚

57 630 253 692 quamvis
275 646 421 674 eorum
441 628 633 692 quodam
652 627 782 673 modo
806 628 1072 687 suggestione
1090 637 1131 672 et
1147 626 1269 689 quasi
1289 642 1431 671 susur-

56 700 220 744 ratione
246 709 447 758 tangatur
467 735 477 754 ,
504 709 649 743 tamen
674 698 729 744 ab
763 698 821 743 eis
851 715 903 743 ne
927 697 1172 743 oblectetur
1195 696 1430 750 avertitur,

57 779 98 813 et
116 768 169 814 ad
189 784 373 830 superna
392 767 692 814 delectabilius
716 766 947 825 cogitanda
962 766 1247 818 convertitur3
1268 764 1326 810 ob
1344 764 1431 809 1100

57 854 106 883 03
129 838 355 883 nominans
383 838 430 882 in
454 837 749 891 sermonibus,
777 853 831 881 ne
857 836 1083 881 habitetur
1105 837 1150 881 in
1170 836 1250 890 eis,
1275 834 1348 879 sed
1367 833 1435 878 fu-

58 909 202 965 giatur
228 907 283 951 ab
323 907 411 952 eis?
451 905 584 962 Quod
607 907 681 962 fit,
724 905 759 950 si
791 905 1024 951 efficaciter
1055 905 1313 960 audiamus,
1339 904 1434 966 ipso

59 975 291 1035 adjuvante
307 976 383 1039 qui
402 976 489 1021 hoc
509 993 588 1038 per
607 975 862 1038 Apostolum
884 992 1008 1021 suum
1025 975 1231 1038 praecipit
1253 992 1264 1019 z
1292 994 1312 1014 «
1327 973 1441 1029 Quae

59 1066 80 1085 >2
101 1061 270 1090 sursum
290 1056 389 1089 sunt
407 1045 588 1107 quaerite
601 1082 612 1098 ,
635 1046 713 1090 ubi
732 1045 933 1090 Christus
952 1057 1014 1090 est
1030 1047 1075 1090 111
1091 1046 1261 1091 dextera
1279 1044 1359 1089 Dei
1376 1059 1437 1088 se-

60 1134 80 1154 »
99 1113 203 1159 dens
217 1134 227 1167 ;
242 1131 343 1177 quae
363 1131 534 1159 sursum
558 1124 658 1159 sunt
672 1115 827 1176 sapite,
846 1129 934 1159 non
948 1132 1049 1177 quae
1065 1131 1194 1176 super
1209 1111 1406 1158 terram1.
1418 1131 1438 1152 ›>

124 1184 262 1229 XXX.
307 1185 420 1228 Cum
464 1194 607 1228 31110111
654 1184 766 1228 mala
806 1183 880 1228 1113
920 1193 1322 1236 commemorasset,
1355 1180 1438 1225 ad-

53 1252 198 1310 J'unxit
223 1262 349 1313 atque
374 1253 432 1296 ait
457 1270 467 1296 z
512 1273 531 1292 «
553 1253 741 1313 Propter
771 1268 872 1313 quae
901 1251 1020 1296 venit
1055 1251 1118 1296 ira
1151 1250 1231 1295 Dei
1253 1249 1299 1293 in
1329 1249 1441 1293 filios

60 1342 80 1362 >2
99 1321 364 1366 infidelitatis
380 1322 412 1367 2.
444 1343 464 1361 »
502 1322 663 1383 Utique
691 1321 923 1366 salubriter
946 1322 1129 1373 terruit,
1161 1336 1214 1364 nc
1234 1328 1440 1381 putarent

61 1389 207 1434 fideles
230 1400 412 1452 propter
439 1389 573 1434 solam
605 1390 737 1434 fidem
767 1407 889 1434 suam
906 1426 919 1445 ,
945 1390 1113 1434 01133151
1152 1391 1198 1434 in
1223 1388 1292 1433 his
1317 1387 1439 1432 malis

61 1459 277 1514 viverent,
302 1476 343 1503 se
360 1475 483 1521 posse
507 1458 684 1514 salvari,
715 1458 912 1521 apostolo
937 1458 1106 1503 Jacobo
1128 1468 1282 1503 ¹contra
1309 1457 1443 1502 istum

61 1547 231 1575 sensum
256 1547 362 1576 voce
381 1530 727 1575 manifestissima
751 1530 1017 1575 reclamante
1041 1547 1090 1575 ac
1113 1530 1289 1574 dicente
1316 1545 1327 1573 ε
1356 1549 1376 1569 α
1396 1528 1443 1572 Si

63 1620 84 1640 >³
104 1599 235 1644 fidem
252 1600 349 1662 quis
373 1599 492 1644 dicat
517 1617 559 1645 se
589 1600 776 1656 habere,
811 1617 943 1663 opera
978 1610 1120 1644 autem
1141 1616 1229 1644 non
1252 1598 1439 1652 habeat,

63 1669 319 1731 »numquid
352 1671 514 1731 poterit
553 1670 658 1715 fides
695 1671 859 1716 salvare
898 1670 1060 1716 eum3'?
1081 1691 1102 1711 ›>
1136 1668 1261 1714 Unde
1295 1678 1337 1713 et
1366 1667 1442 1712 hic

63 1741 231 1785 Doctor
265 1742 454 1800 gentium
485 1753 668 1805 propter
684 1743 760 1788 illa
789 1742 903 1787 mala
923 1743 1070 1787 venire
1099 1742 1207 1786 iram
1230 1741 1310 1786 Dei
1335 1740 1443 1785 dixit

65 1810 112 1856 in
137 1811 248 1856 filios
286 1811 568 1857 infidelitatis.
600 1813 716 1858 Cum
756 1824 899 1857 autem
919 1812 1027 1857 dicit
1052 1828 1063 1855 ι
1103 1812 1192 1855 «ln
1213 1811 1376 1873 quibus
1400 1819 1442 1854 et

65 1901 86 1922 »
103 1897 179 1927 vos
203 1880 439 1943 aliquando
465 1881 717 1927 ambulastis
731 1919 742 1938 ,
765 1898 867 1927 cum
891 1882 1091 1927 viveretis
1112 1880 1158 1926 in
1173 1880 1281 1925 illisl¹
1301 1917 1311 1936 ,
1334 1902 1353 1921 »
1370 1896 1441 1924 sa-

67 1950 118 1996 tis
148 1950 337 1995 ostendit
365 1951 487 2014 quod
513 1952 658 1997 inillis
683 1955 774 2011 jam
810 1969 898 1996 non
917 1952 1125 1997 viverent.
1163 1951 1241 1996 His
1274 1951 1441 2013 quippe

64 2021 226 2066 mortui
250 2032 390 2076 erant,
418 2033 467 2068 ut
490 2039 642 2067 eorum
678 2022 770 2068 vita
811 2022 855 2066 in
879 2022 971 2066 Deo
992 2038 1093 2066 cum
1114 2021 1291 2066 Christo
1332 2030 1440 2065 esset

66 2089 337 2135 abscondita.
367 2091 479 2135 Cum
491 2108 590 2149 ergo
612 2091 768 2148 jamin
791 2091 875 2134 illis
898 2107 987 2135 non
1004 2091 1215 2144 viverent,
1240 2090 1437 2135 mortisin-

67 2174 164 2202 care
182 2161 276 2216 jam
300 2159 704 2218 taliajubebantur.
742 2157 853 2221 Ipsis
888 2158 1056 2221 quippe
1093 2159 1139 2203 in
1168 2157 1327 2203 eisdem
1349 2175 1438 2203 non

64 2227 312 2274 viventibus
332 2228 412 2274 -illa
451 2230 680 2283 vivebant3
710 2229 823 2275 sicut
845 2228 979 2292 paulo
1011 2239 1110 2273 ante
1126 2232 1215 2288 jam
1237 2228 1433 2274 ostendi:

66 2306 108 2344 et
125 2296 321 2341 membla
337 2298 624 2343 dicebantur
613 2314 832 2361 ipsorum,
864 2316 913 2344 ea
932 2297 1134 2345 videlicet
1146 2299 1250 2344 vitia
1272 2314 1373 2362 quae
1391 2298 1439 2344 in

67 2365 275 2410 membris
309 2366 576 2413 habitabant
610 2368 829 2431 ipsorum,
872 2368 1004 2413 modo
1030 2368 1261 2414 locutionis
1290 2384 1369 2430 pei
1391 2367 1439 2413 id

64 2432 185 2496 quod
204 2435 396 2481 continet
412 2436 460 2481 id
478 2429 598 2500 quod
621 2438 886 2494 continetur,
913 2438 1029 2484 sicut
1051 2438 1244 2484 dicitur:
1273 2438 1435 2482 Totum

69 2501 212 2548 forum
231 2502 330 2548 inde
347 2504 565 2567 loquitur,
583 2523 684 2555 cum
706 2507 904 2554 homines
925 2508 1164 2572 loquantur
1177 2507 1256 2572 qui
1274 2518 1375 2553 sunt
1384 2507 1439 2552 in

117 2585 130 2609 ¹
148 2585 272 2621 Coloss,
288 2597 341 2634 1111,
357 2599 388 2632 1,
408 2600 441 2624 2.
457 2606 502 2613 —-
515 2587 530 2612 ²
542 2589 625 2624 Ibid.
642 2592 673 2625 6.
690 2608 735 2618 ν-
751 2589 766 2617 3
778 2592 897 2627 Jacob.
911 2603 951 2634 u,
971 2598 1023 2629 14.
1038 2589 1111 2616 ——4
1126 2590 1246 2623 Coloss.
1258 2601 1318 2629 m,
1333 2602 1366 2630 7·

1234 2646 1304 2692 16.
