1758 3246
391 282 446 312 DE
482 281 810 322 CONTINENTIA,
849 281 935 312 mn.
978 283 1008 313 1.
1309 265 1402 312 235

37 366 59 388 >³
78 346 153 391 bet
170 383 181 402 ,
212 347 323 393 sicut
355 363 422 391 me
442 345 597 391 videtis
619 345 796 392 habere.
817 366 838 387 ›>
869 346 933 389 De
954 345 1144 391 Ecclesia
1167 345 1272 409 quid
1296 346 1405 391 dicit

37 411 244 478 deceptor
270 415 498 460 hominum
533 415 579 459 in
608 414 827 460 mortifero
854 417 1024 459 errore?
1051 414 1182 469 Quod
1204 433 1253 460 ex
1279 425 1401 477 parte

0 501 5 545 ς
37 484 279 530 animarum
302 484 516 548 pertineat
535 483 590 529 ad
609 484 833 530 Christum
848 521 858 539 ,
887 501 934 528 ex
952 493 1076 546 parte
1093 500 1328 545 corporum
1347 484 1402 529 ad

0 548 6 619 ξ
37 553 291 600 diabolum?
317 553 436 610 Quid
465 553 519 599 ad
538 554 636 599 haec
656 554 764 599 dicit
788 556 952 599 Doctor
976 553 1168 613 gentium
1186 554 1232 598 in
1252 553 1338 598 fide
1361 565 1403 599 et

0 623 5 686 ξ
35 626 236 669 veritate:
265 645 286 664 «
308 624 490 669 Nescitis
506 661 516 679 ,
540 624 711 687 inquit,
751 624 855 687 quia
892 640 1076 686 corpora
1094 632 1233 668 vestra
1259 639 1402 667 mem-

0 692 4 752 ξ
34 712 57 734 >>
76 693 156 737 bra
179 703 279 738 sunt
302 693 470 739 Christi
488 693 536 739 1?
557 716 576 735 »
600 696 664 738 De
686 710 784 739 sexu
799 693 980 739 masculi
1005 703 1046 738 et
1076 691 1271 737 foeminae
1296 692 1404 754 quid

0 755 4 810 Γ
36 760 142 806 dicit
175 762 289 807 filius
321 763 602 825 perditionis?
631 764 761 820 Quod
782 774 963 825 uterque
1003 779 1122 808 sexus
1145 779 1233 807 non
1252 779 1300 806 ex
1315 763 1405 807 Deo

0 836 3 868 ἱ
35 831 112 886 sit,
141 831 214 876 sed
238 849 286 876 ex
311 832 503 879 diabolo.
543 833 668 889 Quid·
689 833 743 878 ad
780 833 878 878 haec
914 832 1023 877 dicit
1048 833 1130 879 Vas
1154 831 1404 879 electionis?

0 926 2 943 ι
35 920 56 941 ι(
86 901 233 957 Sicut,
260 902 405 964 inquit
423 939 435 959 ,
455 902 611 948 mulier
626 920 675 948 cx
693 903 811 959 viro,
835 902 895 948 ita
919 914 961 948 et
981 903 1050 949 vir
1066 920 1145 965 per
1160 901 1402 958 mulierem,

0 976 2 1014 ἱ
35 990 56 1010 »
81 971 225 1016 onmia
243 982 455 1017 autemex
476 974 574 1038 Deo
593 973 626 1018 2.
650 994 670 1014 ›>
688 973 752 1018 De
772 989 899 1018 carne
919 973 1028 1036 quid
1045 972 1153 1018 dicit
1169 989 1248 1035 per
1271 972 1407 1017 Mani-

0 1043 1 1081 ἰ
36 1039 209 1085 chaeum
239 1041 415 1103 spiritus
432 1042 715 1087 immundus?
741 1042 872 1098 Quod
910 1044 964 1088 sit
995 1043 1109 1088 mala
1133 1041 1403 1097 substantia,

35 1126 113 1154 nec
142 1110 247 1166 Dei,
277 1111 349 1155 sed
386 1111 553 1156 inimici
579 1122 792 1157 creatura.
827 1113 946 1168 Quid
973 1113 1029 1158 ad
1067 1113 1166 1156 haec
1191 1112 1299 1156 dicit
1328 1128 1407 1173 per

36 1178 224 1224 Paulum
250 1180 438 1242 Spiritus
458 1183 663 1226 sanctus?
689 1201 710 1221 α
723 1181 847 1225 Sicut
867 1181 980 1225 enim
999 1196 1158 1242 corpus
1176 1197 1311 1225 unum
1329 1189 1409 1236 est,

36 1257 55 1287 i<
74 1248 218 1310 inquit
233 1285 244 1303 ,
267 1259 309 1293 et
329 1249 526 1294 membra
545 1250 682 1294 habet
704 1250 858 1305 multa,
886 1250 1033 1295 onmia
1054 1260 1199 1294 autem
1211 1250 1410 1293 membra

36 1337 58 1359 n
79 1318 273 1380 corporis
295 1335 396 1363 cum
416 1318 666 1374 sintmulta,
686 1335 822 1363 unum
843 1329 906 1363 est
920 1334 1105 1380 corpus3
1125 1317 1186 1362 ita
1202 1327 1244 1362 et
1258 1317 1408 1361 Chris-

37 1407 58 1427 »
81 1397 163 1432 tus.
190 1408 210 1431 υ
236 1388 291 1431 Et
307 1387 440 1450 paulo
461 1398 584 1450 post:
607 1409 627 1428 «
651 1388 828 1443 Posuit,
866 1387 1033 1450 inquit.
1057 1388 1171 1432 Deus
1192 1387 1407 1442 membra,

40 1477 58 1497 s>
83 1456 300 1516 singulum
336 1457 541 1520 quodque
564 1474 711 1502 eorum
736 1457 781 1501 in
800 1474 983 1519 corpore
999 1493 1010 1512 ,
1045 1466 1181 1519 prout
1216 1455 1367 1501 voiuit.
1391 1476 1412 1495 ›>

37 1526 145 1570 Item
180 1526 312 1588 paulo
342 1536 469 1589 post:
493 1529 658 1582 «Deus,
684 1526 844 1588 inquit,
874 1526 1128 1588 temperavit
1149 1542 1325 1587 corpus,
1353 1524 1408 1578 ei,

38 1606 59 1635 5>
74 1595 144 1639 cui
158 1594 303 1640 deerat
316 1600 522 1655 majorem
540 1596 753 1641 honorem
768 1596 892 1650 dans,
910 1606 960 1640 ut
972 1605 1205 1640 nonessent
1219 1594 1413 1639 scissurae

39 1685 60 1706 >2
83 1664 129 1709 in
169 1681 350 1728 corpore
365 1703 375 1721 ,
395 1665 478 1710 ‘sed
501 1665 617 1710 idem
640 1665 785 1728 ipsum
822 1677 871 1710 ut
894 1682 975 1727 pro
1008 1664 1194 1709 invicem
1231 1663 1414 1708 sollicita

38 1754 60 1775 »
84 1735 169 1779 sint
198 1735 421 1780 membra:
446 1745 488 1779 et
510 1735 597 1779 sive
622 1735 791 1797 patitur
816 1752 955 1780 unum
978 1734 1226 1778 membrum
1242 1769 1253 1788 ,
1288 1749 1414 1778 com-

38 1825 60 1846 »
82 1804 311 1867 patiuntur
327 1805 473 1850 onmia
497 1805 691 1850 membra
707 1825 718 1858 3
736 1805 822 1850 sive
836 1805 1106 1864 glorificatur
1119 1820 1256 1849 unum
1280 1820 1414 1848 mem-

37 1894 58 1916 »
81 1874 243 1931 brum,
270 1875 546 1934 congaudent
584 1875 730 1920 onmia
762 1875 968 1919 membra
983 1874 1016 1920 ²⁹³.
1044 1895 1065 1915 ))
1091 1872 1324 1930 Quomodo
1353 1882 1415 1917 est

35 1944 148 1990 mala
175 1962 292 1996 caro,
313 1945 492 2008 quando
512 1946 619 2008 ipsae
637 1946 794 1990 animae
828 1962 985 2008 pacem
1008 1945 1306 1989 membrorum
1323 1947 1414 2002 ejus

36 2024 86 2059 ut
106 2014 345 2070 imitentur,
369 2018 630 2060 monentur?
671 2014 907 2071 Quomodo
926 2025 988 2059 est
1004 2013 1172 2060 inimici
1191 2022 1412 2068 creatura,

36 2084 213 2147 quando
237 2085 346 2147 ipsae
365 2085 520 2130 animae
541 2102 639 2147 quae
659 2101 845 2146 corpora
865 2095 1037 2143 regunt,
1061 2094 1110 2128 ut
1132 2084 1244 2127 inter
1266 2100 1308 2127 se
1326 2082 1417 2127 ini-

38 2153 303 2199 micitiarum
319 2154 521 2199 scissuras
540 2172 628 2199 non
641 2154 852 2209 habeant,
872 2154 1116 2216 exemplum
1135 2152 1188 2197 de
1213 2152 1421 2197 membris

39 2225 234 2286 corporis
263 2235 457 2281 sumunt,
483 2236 531 2270 ut
548 2225 667 2288 quod
689 2224 891 2287 praestitit
910 2224 1024 2268 Deus
1051 2223 1225 2286 corpori
1241 2239 1319 2285 per
1343 2239 1418 2268 na-

43 2303 204 2350 turam,
232 2306 375 2340 ament
409 2307 450 2340 et
487 2296 595 2358 ipsae
618 2296 704 2340 hoc
728 2295 891 2340 habere
917 2311 996 2358 per
1024 2294 1236 2354 gratiam?
1262 2293 1417 2337 Merito

42 2362 95 2408 ad
115 2364 332 2409 Romanos
355 2382 453 2410 cum
475 2366 705 2410 scriberet:
730 2365 958 2410 «Obsecro
976 2401 988 2420 ‚
1007 2364 1176 2426 inquit,
1204 2379 1296 2417 vos,
1329 2361 1418 2406 fra-

42 2452 62 2474 »
88 2442 172 2476 tres
184 2450 294 2495 ,per
312 2434 651 2480 misericordiam
666 2435 767 2490 Dei,
802 2445 850 2480 ut
867 2434 1103 2479 exhibeatis
1117 2448 1299 2494 corpora
1321 2447 1419 2475 ves-

41 2513 147 2548 »tra
172 2502 360 2550 hostiam
389 2505 531 2551 vivam
549 2542 559 2561 ,
594 2515 810 2562 sanctam,
836 2507 928 2550 Deo
946 2504 1190 2569 placentem
1210 2500 1243 2548 4.
1273 2521 1294 2542 υ
1321 2500 1420 2546 Sine

91 2586 236 2622 ¹1Cor.
255 2587 437 2627 vt‚15.=.-
457 2585 600 2625 21d.x1‚
623 2599 676 2622 12.
699 2605 742 2612 -=-
761 2585 778 2611 3
796 2587 1070 2627 1d.x11‚-12-25.
1096 2602 1141 2614 ἔτ-
1159 2581 1173 2611 4
1194 2586 1289 2622 Rom.
1309 2593 1366 2623 xix,
1389 2592 1420 2618 ιι
