1758 3246
311 299 402 353 604
719 314 752 344 s,
796 313 1039 345 auersum
1076 313 1274 346 Episcopi

305 396 393 424 non
418 388 706 431 curaverunt3
745 376 954 442 licuitque
978 380 1121 443 poetis
1147 380 1199 425 de
1228 379 1313 425 hac
1332 395 1377 425 re
1397 377 1685 442 plausibiliter

311 449 476 494 dicere:
505 447 666 493 «Coelo
690 448 863 508 tegitur,
892 449 965 512 qui
982 467 1069 495 non
1082 450 1217 495 habet
1230 466 1384 495 urnam
1401 448 1449 493 1t
1478 470 1498 490 »
1523 459 1684 511 quanto

310 518 453 563 minus
480 517 642 562 debent
660 518 713 563 de
738 520 1001 582 corporibus
1039 519 1263 583 insepultis
1296 519 1499 565 insultare
1531 518 1687 564 Chris-

312 587 438 632 tianis
456 623 466 643 ‚
494 587 655 650 quibus
687 598 728 633 et
750 589 886 651 ipsius
922 589 1062 634 carnis
1087 589 1471 652 membrorumque
1491 588 1685 633 omnium

311 657 575 712 reformati0‚
594 675 682 703 non
706 659 846 704 solum
882 677 928 704 ex
968 671 1098 715 terra,
1133 660 1413 705 verumetiam
1439 676 1484 703 cx
1505 658 1687 704 aliorum

316 728 624 775 elementorum
651 729 932 775 secretissimo
953 730 1049 775 sinu
1063 767 1073 786 ‚
1095 746 1180 792 quo
1201 729 1368 793 dilapsa
1388 727 1597 773 cadavera
1618 745 1688 774 re-

313 808 546 854 cesserunt,
572 799 616 843 in
641 800 848 863 temporis
866 811 1032 863 puncto
1060 800 1279 846 reddenda
1305 810 1347 845 et
1358 799 1690 860 redintegranda

317 869 621 933 promittitur?

379 938 430 986 V.
467 940 556 985 Nec
589 939 686 986 ideo
732 951 878 987 tamen
907 940 1223 988 contemnenda
1251 951 1292 986 et
1315 941 1560 1001 abjicienda
1593 952 1694 987 sunt

315 1026 500 1073 corpora
517 1008 820 1056 defunctorum
839 1048 850 1068 ,
874 1013 1141 1075 maximeque
1156 1015 1374 1072 justorum
1405 1029 1453 1058 ac
1476 1011 1689 1067 fidelium,

317 1080 478 1144 quibus
513 1089 723 1142 tanquam
757 1082 926 1141 organis
957 1093 999 1127 et
1037 1082 1146 1128 vasis
1171 1081 1220 1127 ad
1245 1082 1390 1127 omnia
1424 1081 1539 1127 bona
1563 1098 1695 1144 opera

319 1159 463 1196 sancte
479 1166 579 1195 usus
599 1160 661 1195 est
675 1151 865 1214 spiritus,
890 1152 936 1197 Si
960 1152 1072 1198 enim
1092 1162 1273 1215 paterna
1291 1152 1417 1197 vestis
1434 1162 1475 1197 et
1489 1151 1691 1206 annulus,

316 1238 365 1266 ac
388 1220 421 1265 si
441 1220 549 1284 quid
572 1221 827 1281 hujusmodi
861 1233 982 1269 tanto
1003 1223 1180 1269 charius
1218 1233 1280 1268 est
1301 1223 1504 1286 posteris,
1533 1232 1696 1285 quanto

316 1308 415 1350 erga
438 1301 636 1352 parentes
659 1297 798 1350 major
822 1294 1022 1339 affectus:
1053 1293 1174 1339 nullo
1193 1293 1322 1338 modo
1341 1293 1434 1356 ipsa
1453 1290 1696 1355 spernenda

320 1371 420 1407 sunt
438 1377 649 1423 corpora,
682 1378 781 1424 quac
809 1362 958 1425 utique
983 1363 1121 1407 multo
1152 1362 1404 1408 familiarius
1433 1373 1561 1425 atque
1587 1378 1698 1407 con-

315 1432 535 1493 junctius,
578 1448 708 1494 quam
736 1431 945 1495 quaelibet
986 1431 1240 1477 indumenta
1275 1441 1488 1491 gestamus
1517 1432 1551 1478 ‘'.
1591 1432 1700 1476 Haec

321 1502 434 1548 enim
449 1518 539 1546 non
560 1501 614 1546 ad
635 1512 937 1548 ornamentum
954 1501 1023 1548 vel
1056 1502 1320 1562 adjutorium
1337 1540 1348 1559 ,
1368 1501 1489 1566 quod
1510 1500 1700 1546 adhibe-

325 1584 396 1618 tur
415 1572 692 1627 exfflnsecus,
710 1572 783 1617 sed
801 1572 855 1618 ad
876 1572 1014 1636 ipsam
1033 1583 1232 1618 naturam
1247 1572 1437 1618 hominis
1460 1572 1693 1636 pertinent.

323 1642 448 1689 Unde
462 1653 504 1688 et
528 1643 804 1705 antiquorum
824 1646 1043 1703 justorum
1064 1643 1217 1689 funera
1235 1642 1424 1689 officiosa
1439 1643 1600 1706 pietate
1618 1658 1701 1687 cu-

327 1725 418 1759 rata
445 1724 568 1767 sunt‚
602 1723 644 1758 et
663 1713 853 1776 exequiae
889 1713 1136 1769 celebratae‚
1164 1724 1207 1758 et
1237 1713 1457 1776 sepultura
1485 1713 1661 1776 provisa
1686 1728 1698 1755 ι

323 1786 492 1849 ipsique
513 1801 615 1830 cum
638 1784 851 1839 viverent,
889 1783 942 1829 de
968 1784 1223 1848 sepeliendis
1239 1822 1249 1840 ‚
1277 1785 1342 1830 vel
1365 1785 1495 1830 etiam
1521 1781 1703 1828 transfe-

324 1854 469 1900 rendis
501 1855 586 1899 suis
621 1854 880 1916 corporibus
916 1854 1016 1899 filiis
1054 1854 1372 1900 mandaverunt
1386 1855 1418 1901 3.
1451 1856 1507 1899 Et
1542 1852 1704 1897 Tobias

326 1923 570 1988 sepeliendo
608 1934 804 1968 mortuos
850 1925 990 1969 Deum
1036 1926 1321 1987 promeruisse
1339 1961 1350 1980 ,
1395 1934 1501 1970 teste
1542 1921 1704 1982 Angelo

325 1994 655 2040 commendatur
681 1993 714 2041 4.
750 1995 847 2057 Ipse
876 2011 1050 2058 quoquc
1079 1995 1293 2040 Dominus
1317 1994 1387 2040 die
1414 1994 1540 2039 tertio
1560 2009 1706 2038 resur-

324 2076 518 2111 recturus
540 2065 747 2124 religiosae
765 2064 955 2110 mulieris
970 2065 1137 2111 bonum
1164 2082 1275 2129 opus
1289 2064 1503 2129 praedicat
1524 2063 1561 2120 5,
1585 2079 1706 2127 prae-

325 2135 649 2198 dicandumque
683 2135 978 2191 commendat,
1007 2135 1126 2199 quod
1166 2147 1437 2197 unguentum
1468 2135 1707 2198 pretiosum

325 2223 452 2270 super
490 2206 685 2251 membra
712 2210 803 2265 ejus
828 2206 1045 2263 effuderit,
1074 2217 1201 2270 atque
1243 2206 1329 2253 hoc
1354 2206 1409 2252 ad
1449 2223 1547 2252 eum
1581 2221 1707 2267 sepc-

327 2275 524 2322 liendum
545 2275 720 2321 fecerit:
745 2287 786 2322 et
805 2276 1084 2323 laudabiliter
1105 2276 1558 2323 commemoranturin
1570 2276 1710 2320 Evan-

321 2347 448 2406 gelio,
471 2346 548 2409 qui
570 2362 730 2409 corpus
749 2351 840 2407 ejus
864 2347 917 2392 de
944 2364 1075 2394 cruce
1100 2359 1330 2412 acceptum
1348 2385 1359 2404 ,
1382 2347 1609 2406 diligenter
1640 2354 1708 2390 at-

323 2433 408 2480 que
448 2416 691 2462 honorifice
724 2416 954 2477 tegendum
996 2417 1380 2480 sepeliendumque
1425 2414 1703 2461 curaruntssz

373 2511 382 2534 ¹
399 2514 519 2544 Lucan.
538 2510 570 2542 in
587 2523 618 2550 7.
637 2511 675 2543 de
694 2511 805 2544 occisis
824 2511 1003 2543 Pharsalica
1031 2522 1146 2554 pugna.
1174 2529 1216 2535 —
1236 2510 1252 2533 ²
1274 2514 1318 2544 Ex
1341 2511 1398 2543 lib.
1418 2523 1428 2542 1
1455 2509 1494 2542 de
1513 2509 1610 2542 Cis-it.
1638 2509 1708 2546 Dei,

323 2576 348 2594 c.
375 2565 425 2594 13.
444 2581 489 2587 —
505 2560 519 2585 ³
537 2565 608 2595 Gen
637 2575 733 2602 xxiii,
748 2567 785 2601 3;
805 2575 882 2603 xxv,
900 2576 919 2605 9
933 2576 940 2602 3
956 2570 985 2596 et
998 2575 1100 2603 xnvn,
1120 2565 1171 2597 30.
1186 2582 1230 2588 -
1246 2562 1260 2588 ⁴
1277 2564 1358 2597 Tob.
1382 2575 1418 2603 ιι,
1434 2577 1466 2605 9,
1485 2568 1515 2595 et
1534 2573 1593 2599 xu,
1610 2572 1642 2594 α.
1662 2578 1708 2585 —-
1740 2583 1753 2587 2

319 2614 333 2637 5
351 2615 466 2648 Mauh.
486 2626 573 2655 xxvi,
598 2627 651 2648 ιο,
665 2635 708 2642 -
722 2614 737 2638 ⁵
750 2619 844 2650 Joan.
862 2627 930 2659 xix,
952 2618 1007 2649 38.
