1758 3246
170 344 345 376 CONTRA
379 343 647 375 MENDACHJM
685 343 739 375 AD
774 342 1079 383 CONSENTIUM,
1117 343 1205 374 LIB.
1248 343 1279 374 1.
1353 325 1444 389 507

83 421 124 458 et
143 411 260 457 aliud
278 421 339 456 est
357 409 497 455 dicere
522 427 532 454 ε
557 411 740 455 Peceare
764 408 900 453 debeo
917 445 926 462 ‚
947 408 1048 470 quia
1067 425 1153 453 non
1174 423 1350 471 possum
1373 406 1448 452 ali-

83 491 147 527 ter
173 480 374 526 misereri.
406 479 533 525 Aliud
551 490 611 525 est
627 518 637 533 ‚
665 480 842 542 inquam
859 515 869 533 ‚
892 477 1034 522 dicere
1058 495 1069 522 ε
1095 478 1208 534 Quia
1226 482 1316 537 jam
1341 494 1448 540 pec-

83 551 277 598 cavimus
294 587 304 605 ‚
326 549 646 596 benefaciamus
665 570 677 603 ;
700 559 741 594 et
765 547 881 594 aliud
900 557 961 592 est
983 546 1124 592 dicere
1148 565 1158 592 :
1187 548 1444 603 Peccemus,

83 631 132 667 ut
155 619 489 666 benefaciamus.
519 620 588 664 lbi
614 619 775 664 dicitur
807 635 817 662 t
849 617 1072 662 Faciamus
1095 617 1210 662 bona
1226 654 1238 672 ‚
1261 618 1362 680 quia
1381 618 1449 663 se-

83 692 220 737 cimus
236 689 347 736 mala
370 690 470 735 :hic
488 700 628 735 autem
650 707 660 734 ε
682 689 905 734 Faciamus
918 686 1047 743 mala,
1065 697 1113 733 ut
1125 687 1300 733 veniant
1313 688 1442 735 bona.

83 763 147 808 Ac
167 777 244 824 per
264 760 349 806 hoc
368 760 431 805 ibi
451 759 739 806 exhaurienda
764 769 826 805 est
858 758 1022 803 sentina
1047 757 1215 821 peccati
1231 794 1242 814 ,
1271 757 1346 803 hic
1370 775 1447 803 ca·-

84 830 229 877 venda'
247 841 309 876 est
326 830 525 875 doctrina
543 829 768 893 peccandi.

148 901 358 946 XXXIII.
387 901 536 945 Restat
552 901 696 964 itaque
709 911 759 945 ut
776 898 1062 958 intelligamus
1074 897 1156 943 illis
1172 897 1444 953 mulieribus,

83 971 151 1017 vel
165 973 211 1018 in
234 974 418 1035 AEgypfo
431 1009 442 1028 ‚
462 971 529 1018 vel
547 972 590 1017 in
616 972 792 1017 Jericho
809 1008 819 1027 ‚
840 987 922 1033 pro
941 970 1210 1015 humanitate
1230 979 1270 1015 et
1287 969 1451 1014 miseri-

83 1042 232 1088 cordia
268 1041 481 1087 redditam
521 1042 648 1088 fuisse
682 1041 922 1087 mercedem
955 1039 1104 1103 utique
1139 1039 1447 1103 temporalem,

82 1130 182 1177 quae
204 1112 381 1177 quidem
400 1123 442 1158 et
465 1113 558 1176 ipsa
578 1123 787 1158 aeternum
808 1111 972 1174 aliquid
991 1112 1120 1155 etiam
1147 1110 1230 1155 illis
1253 1109 1449 1155 nescien-

82 1183 199 1228 tibus
219 1182 488 1246 'prophetica
515 1182 828 1241 significatione
863 1182 1080 1239 figuraret.
1118 1182 1155 1225 [f
1159 1191 1274 1225 trum
1309 1190 1450 1225 autern

83 1253 137 1298 sit
172 1252 406 1316 aliquando
445 1252 513 1297 vel
543 1269 625 1314 pro
655 1255 913 1315 cujusquam
948 1250 1082 1296 salute
1120 1250 1416 1296 mentiendum
1436 1287 1447 1305 ,

83 1339 183 1368 cum
204 1322 383 1384 quaestio
406 1321 460 1367 sit
483 1321 528 1366 in
549 1339 634 1384 qua
656 1321 924 1367 dissolvenda
943 1323 1073 1367 etiam
1098 1321 1333 1366 doctissimi
1355 1320 1452 1365 fati-

84 1402 265 1452 gantur,
308 1391 434 1439 valde
474 1391 648 1437 illarum
688 1384 1041 1438 muliercularum
1074 1393 1121 1437 in
1153 1391 1236 1437 illis
1275 1391 1450 1454 populis

83 1462 417 1507 constitutarum
436 1471 478 1506 et
500 1461 584 1506 illis
606 1462 800 1507 moribus
818 1474 1083 1507 assuetarum
1106 1461 1339 1507 excedebat
1356 1478 1453 1506 mo-

85 1532 206 1579 dum.
240 1534 390 1595 ltaque
406 1532 522 1577 hanc
544 1548 690 1577 earum
717 1532 1003 1592 ignorantiam
1023 1570 1033 1588 ‚
1060 1532 1172 1577 sicut
1191 1532 1370 1577 aliarum
1390 1548 1452 1576 re-

84 1619 180 1648 rum
199 1619 306 1666 quas
326 1602 487 1665 pariter
505 1602 770 1658 nesciebant,
791 1602 863 1648 sed
885 1602 1069 1649 sciendae
1087 1612 1186 1647 sunt
1205 1620 1227 1647 a
1246 1602 1346 1647 filiis
1369 1618 1456 1646 non

85 1672 218 1733 hujus
234 1673 407 1728 saeculi,
433 1672 505 1718 sed
531 1672 694 1728 futuri,
724 1674 804 1718 Dei
840 1673 1047 1736 patientia
1077 1673 1317 1718 sustinebat
1341 1690 1352 1716 z
1379 1671 1456 1734 qui

85 1753 229 1789 tamen
261 1743 321 1788 eis
346 1760 428 1807 pro
459 1744 724 1804 benignitate
758 1745 976 1800 humana,
1012 1761 1144 1807 quam
1177 1743 1348 1789 famulis
1368 1747 1457 1802 eJ'us

83 1812 409 1876 impenderant,
431 1814 630 1876 quamx-is
648 1814 821 1860 coeleste
841 1814 1004 1878 aliquid
1023 1813 1326 1874 significantia,
1346 1829 1457 1876 prze-

84 1883 171 1928 mia
193 1893 360 1928 terrena
384 1883 606 1930 reddebat.
645 1885 701 1929 Et
724 1884 848 1930 Raab
871 1885 1050 1948 quidem
1075 1901 1122 1929 ex
1141 1884 1319 1929 Jericho
1342 1883 1457 1928 libe-

85 1966 205 2008 rata‚
241 1953 286 1998 in
325 1952 404 1998 Dei
439 1953 654 2016 populum
684 1954 910 1999 transitum
943 1954 1046 2000 fecit
1066 1991 1076 2006 ,
1115 1954 1193 1999 ubi
1226 1954 1458 2017 proficiens

85 2034 229 2086 posset
253 2022 307 2086 ad
332 2033 491 2068 aeterna
514 2034 556 2068 et
578 2023 840 2068 immortalia
867 2041 1046 2069 munera
1074 2024 1300 2087 pervenire
1317 2060 1328 2078 ‚
1358 2040 1458 2086 quae

86 2093 209 2138 nullo
233 2103 333 2138 sunt
350 2092 584 2156 quaerenda
605 2093 843 2140 mendacio.
875 2095 909 2138 T
916 2111 1002 2140 unc
1033 2105 1177 2139 tamen
1199 2093 1377 2157 quando
1400 2093 1459 2138 il-

86 2161 164 2208 lud
201 2180 310 2226 opus
339 2162 507 2208 bonum
536 2173 578 2208 et
613 2180 695 2226 pro
720 2180 808 2209 suae
836 2164 938 2210 vitae
962 2164 1210 2210 conditione
1240 2163 1459 2209 laudabile

86 2227 292 2279 Israelitis
317 2233 662 2300 exploratoribus
676 2235 882 2298 praestitit
899 2271 909 2290 ‚
939 2235 1136 2281 nondum
1173 2245 1264 2280 erat
1294 2234 1388 2279 talis
1411 2243 1460 2279 ut

90 2303 144 2349 ab
161 2320 209 2348 ea
228 2303 493 2363 exigeretur:
522 2325 539 2344 <a
564 2305 630 2351 Sit
659 2305 705 2351 in
734 2323 808 2352 ore
838 2316 977 2351 vestro
1009 2323 1019 2350 :
1057 2307 1160 2352 Est.
1199 2315 1261 2350 est
1285 2321 1295 2348 ι
1333 2303 1455 2357 Bon,

90 2394 112 2415 ι)
129 2372 263 2419 110111.
291 2393 312 2414 n
341 2374 607 2420 Obstetrices
632 2386 775 2421 autem
801 2375 887 2421 illae
918 2376 1117 2440 quamvis
1153 2374 1400 2420 Hebraeae2.
1425 2374 1461 2419 si

89 2442 329 2489 secundum
371 2461 543 2489 carnem
584 2446 885 2492 tantummodo
928 2446 1189 2509 sapuerunt,
1236 2444 1343 2508 quid
1384 2455 1460 2490 aut

89 2524 303 2577 quantum
338 2524 400 2559 est
425 2515 546 2577 quod
581 2517 638 2562 eis
661 2516 829 2580 profuit
864 2516 1151 2562 remuneratio
1186 2513 1456 2578 temporalis,

90 2583 193 2646 quia
224 2582 420 2629 fecerunt
438 2585 526 2630 sibi
560 2585 711 2632 domos
730 2624 741 2644 ,
770 2587 850 2633 nisi
874 2585 1144 2651 proficiendo
1174 2585 1462 2649 pertinuerint

141 2665 288 2699 lMalth.
309 2665 655 2709 v,'0'5.—‘-’Exod.1,
677 2679 727 2708 ¹7·
1056 2673 1059 2675 '
