1758 3246
260 306 354 363 548
659 319 693 349 s.
737 316 976 347 Aneusrm
1013 317 1227 349 rmscom.

257 385 530 445 intelligimus
550 400 649 430 eum
666 400 753 429 non
771 382 898 429 fuisse
915 400 1014 428 cum
1036 383 1059 428 J
1069 382 1201 428 udaeis
1217 420 1227 439 ,
1255 383 1324 428 sed
1352 400 1450 428 cum
1475 384 1624 429 Chris-

257 457 404 513 tianis,
427 454 602 519 quando
626 455 754 500 etiam
780 454 887 500 dicit
909 454 1000 516 ipsc
1026 465 1222 499 narrator
1250 454 1304 499 ad
1338 453 1624 514 frangendum

253 543 409 590 panem
440 524 567 570 fuisse
599 524 814 571 collectos.
858 525 912 568 Et
936 524 1027 586 ipsa
1058 534 1119 568 est
1150 524 1314 586 optima
1342 525 1621 583 gubernatio,

253 608 301 643 ut
318 597 461 642 omnia
479 596 564 641 suis
584 595 854 658 temporibus
881 594 1116 640 distributa
1150 611 1196 638 ex
1225 594 1373 640 ordine
1393 606 1621 654 gerantur,

253 686 304 713 ne
324 667 517 713 animum
537 667 782 712 humanum
813 664 1074 711 turbulentis
1103 663 1475 727 implicationibus
1498 666 1627 712 invo-

254 738 342 784 luta
366 737 639 801 perturbent.

318 808 462 854 XXII.
505 805 575 851 Ibi
599 805 726 850 etiam
752 804 916 850 dicitur
938 804 1045 867 quid
1074 804 1338 867 operabatur
1370 805 1613 868 Apostolus,

255 900 274 919 «
295 879 399 924 Post
414 877 531 932 haec,
548 876 716 938 inquit,
738 892 925 934 egressus
940 875 996 919 ab
1013 874 1192 920 Athenis
1208 875 1325 920 venit
1339 875 1599 920 Corinthum
1610 912 1620 931 ,

256 972 275 992 ›)
295 960 336 994 et
358 964 460 994 cum
484 946 713 992 invenisset
733 945 964 1009 quemdam
992 945 1012 988 J
1023 944 1197 990 udaeum
1215 946 1387 990 nomine
1403 945 1623 1008 Aquilam,

253 1042 273 1062 >)
294 1017 528 1064 Ponticum
569 1033 720 1076 genere
735 1052 746 1072 ,
784 1032 930 1061 recens
966 1014 1264 1061 advenientem
1306 1016 1362 1060 ab
1400 1015 1521 1060 ltalia
1536 1052 1546 1071 ,
1586 1026 1627 1060 et

255 1112 274 1131 >›
293 1087 537 1135 Priscillam
557 1103 731 1132 uxorem
746 1085 883 1149 ipsius
898 1122 908 1140 ,
933 1096 1163 1148 propterea
1181 1085 1300 1148 quod
1318 1085 1510 1145 jussisset
1529 1085 1627 1131 Cla-

256 1182 276 1202 »
295 1159 392 1205 dius
405 1156 620 1204 discedere
644 1173 790 1201 omnes
802 1156 827 1199 J
833 1155 981 1201 udaeos
998 1157 1158 1211 Roma,
1182 1157 1359 1200 accessit
1376 1158 1430 1201 ad
1453 1155 1565 1212 illos,
1588 1167 1630 1201 et

259 1252 277 1272 ›>
295 1238 478 1293 propter
495 1226 595 1272 artis
621 1224 951 1272 similitudinem
982 1226 1139 1271 mansit
1163 1224 1283 1287 apud
1304 1224 1400 1270 illos
1424 1242 1534 1288 opus
1559 1225 1629 1270 fa-

256 1324 275 1342 »
297 1300 428 1345 ciens.
447 1299 582 1343 Erant
597 1296 712 1341 enim
727 1295 1109 1342 tabernaculorum
1126 1294 1380 1341 a1·tifices1.›>
1395 1296 1491 1341 Hoc
1508 1296 1542 1340 si
1561 1313 1630 1341 co-

257 1371 347 1416 nati
372 1369 535 1415 fuerint
561 1367 785 1426 allegorice
813 1366 1113 1429 interpretari,
1147 1365 1379 1411 ostendunt
1408 1366 1629 1429 quomodo

257 1440 490 1504 proficiant
513 1439 559 1484 in
583 1437 878 1483 ecclesiasticis
903 1437 1055 1482 litteris
1072 1472 1083 1491 ,
1110 1436 1272 1499 quibus
1298 1453 1339 1481 se
1364 1453 1516 1482 vacare
1534 1437 1631 1497 glo-

256 1511 438 1556 riantur.
474 1509 532 1553 Et
558 1517 672 1552 certe
691 1505 764 1551 illa
785 1523 884 1568 quae
909 1523 1038 1569 supra
1057 1505 1175 1551 dicta
1199 1516 1298 1551 sunt
1322 1523 1333 1550 ε
1362 1527 1381 1548 (ι
1406 1506 1633 1570 Numquid

259 1603 279 1623 ›>
299 1597 375 1641 ego
413 1578 526 1625 solus
557 1587 599 1622 et
631 1577 852 1622 Barnabas
886 1594 973 1622 non
1007 1576 1219 1623 habemus
1254 1587 1508 1639 potestatem
1544 1593 1633 1622 non

260 1674 280 1694 ))
301 1649 569 1715 operandi2?
591 1658 658 1701 et;
683 1648 781 1692 iN'on
801 1665 947 1694 sumus
967 1647 1029 1693 usi
1048 1647 1133 1693 hac
1146 1647 1387 1711 potestate3
1405 1668 1417 1702 ;
1440 1659 1502 1704 et,
1519 1649 1633 1694 Cum

262 1744 282 1763 2)
300 1737 521 1786 possemus
554 1718 680 1764 vobis
715 1719 832 1764 oneri
864 1735 950 1764 esse
991 1728 1039 1763 ut
1075 1718 1239 1764 Christi
1276 1718 1498 1782 Apostoli⁵
1517 1738 1528 1773 ;
1565 1730 1629 1773 et,

262 1814 283 1833 »
302 1793 440 1838 ἹχΙοςῑε
459 1801 501 1836 et
517 1789 586 1835 die
602 1799 827 1852 operantes
840 1826 851 1845 ,
873 1806 925 1834 ne
944 1806 1073 1852 quem
1091 1800 1279 1835 vestrum
1303 1789 1601 1848 gravaremus5
1619 1810 1630 1843 3

264 1884 286 1906 »
305 1874 346 1909 et
366 1900 377 1918 ,
405 1861 619 1907 Dominus
635 1859 852 1906 ordinavit
872 1860 930 1905 eis
950 1859 1026 1922 qui
1045 1859 1327 1918 Evangelium
1352 1861 1630 1915 annuntiant,

265 1955 286 1975 »
307 1932 360 1978 de
395 1929 629 1991 Evangelio
660 1929 830 1985 vivere,
871 1946 948 1989 ego
988 1939 1130 1974 autem
1166 1929 1328 1974 nullius
1351 1929 1513 1975 horum
1537 1947 1636 1975 usus

265 2025 286 2046 >)
306 2003 426 2048 sum(3
450 2019 460 2047 z
484 2024 504 2043 »
527 2011 571 2046 et
593 2011 746 2046 caetera
766 1999 1047 2060 hujusmodi,
1077 2010 1148 2044 aut
1167 2010 1383 2063 exponant
1400 2000 1538 2057 aliter,
1563 2012 1637 2046 aut

266 2074 300 2120 si
333 2071 666 2137 praeclarissima
689 2070 786 2116 luce
819 2070 1010 2117 veritatis
1047 2081 1281 2130 urgentur,
1319 2071 1563 2132 intelligant
1595 2082 1638 2117 ct

265 2142 504 2189 obediant:
543 2151 618 2186 aut
641 2140 676 2186 si
710 2140 887 2186 obedire
914 2140 982 2186 vel
1010 2139 1165 2185 nolunt
1197 2139 1264 2186 vel
1302 2157 1388 2186 non
1423 2153 1633 2204 possunt,

266 2213 411 2260 saltem
445 2211 541 2258 illos
572 2212 648 2275 qui
672 2212 826 2258 volunt
850 2211 1043 2257 meliores
1061 2248 1072 2268 ,
1099 2211 1175 2274 qui
1206 2222 1348 2257 autem
1382 2222 1424 2257 et
1453 2224 1639 2276 possunt

266 2285 477 2331 feliciores
496 2300 582 2329 esse
599 2282 827 2330 fateantur.
864 2282 996 2329 Aliud
1015 2293 1076 2327 est
1099 2282 1211 2328 enim
1234 2283 1427 2345 corporis
1446 2284 1637 2330 infirmi-

268 2366 401 2403 tatem
417 2392 430 2413 ,
449 2354 517 2401 vel
536 2371 682 2401 veram
706 2353 884 2413 allegare
899 2391 909 2409 ,
930 2353 997 2400 vel
1019 2351 1170 2399 falsam
1192 2353 1459 2416 praetendere
1483 2373 1493 2400 :
1518 2354 1637 2401 aliud

271 2437 414 2473 autem
439 2425 500 2471 sic
517 2424 686 2488 decipi,
711 2435 753 2470 et
777 2424 837 2470 sic
860 2424 1082 2487 decipere,
1111 2434 1160 2469 ut
1178 2423 1354 2486 insuper
1375 2424 1472 2470 ideo
1497 2424 1640 2471 videa-

271 2497 403 2544 turin
426 2496 555 2542 servis
578 2495 658 2541 Dei
677 2499 813 2555 major
831 2511 916 2540 esse
933 2494 1124 2554 justitia,
1150 2493 1251 2556 quia
1269 2494 1539 2557 potuitinter
1556 2496 1638 2541 im·

321 2586 332 2609 ¹
359 2588 433 2619 Act.
449 2594 543 2623 xvxii,
564 2587 633 2618 1-3.
653 2582 726 2608 ..2
745 2595 759 2614 1
775 2585 850 2616 Cor.
869 2594 916 2621 xx,
934 2583 969 2614 6.
999 2598 1045 2605 —
1069 2577 1084 2604 3
1101 2580 1186 2615 Ibid.
1210 2591 1264 2618 12.
1281 2598 1327 2606 —
1342 2579 1358 2605 4
1378 2593 1391 2613 ι
1412 2581 1522 2617 Thess.
1542 2594 1583 2627 Π,
1606 2595 1638 2624 7,

273 2636 288 2662 ⁵
308 2649 324 2671 2
346 2637 456 2672 Thess,
474 2647 526 2677 m,
543 2637 573 2671 8.
589 2634 660 2663 -6
684 2649 695 2669 1
717 2637 791 2672 Cor.
807 2647 853 2675 ιι,
875 2641 927 2677 14,
950 2637 1001 2667 15.
