1758 3246
377 313 433 347 ni:
469 312 591 346 Bono
625 313 894 357 coNJUGAL1,
932 316 1018 347 ma.
1063 320 1092 349 1.
1329 301 1421 350 265

114 380 233 428 XVI.
276 382 427 445 Itaque
455 381 490 427 si
508 381 636 438 forte,
662 381 781 446 quod
797 392 942 428 utrum
966 382 1058 427 fieri
1081 383 1215 445 possit
1234 383 1385 444 ignoro
1402 422 1415 442 ,

49 451 268 515 magisque
291 451 383 496 fieri
405 468 493 496 non
515 468 639 514 posse
659 452 876 506 existim03
898 451 973 497 sed
996 461 1139 498 tamen
1170 453 1205 498 si
1225 453 1333 499 forte
1365 454 1418 500 ad

50 531 223 584 tempus
251 520 452 566 adhibita
484 522 732 566 concubina
758 522 869 567 filios
896 521 1008 567 solos
1037 538 1084 567 ex
1113 522 1261 567 eadem
1293 541 1419 569 com-

49 590 252 635 mixtione
289 589 569 652 quaesiverit:
608 607 686 636 nec
724 591 758 636 si
789 591 869 636 ista
900 591 1151 650 conjunctio
1177 591 1246 638 vel
1273 609 1421 639 earum

49 658 212 722 nuptiis
241 658 539 722 praeponenda
570 670 659 716 est,
689 677 790 724 quae
823 660 987 707 veniale
1017 659 1129 706 illud
1165 673 1414 724 operantur.

50 728 170 785 Quid
191 729 305 773 enim
324 729 377 773 sit
399 729 653 792 nuptiarum
669 766 680 785 ‚
701 730 1068 777 considerandum
1089 742 1174 784 est,
1201 746 1289 773 non
1313 729 1422 792 quid

49 798 103 843 sit
130 797 391 843 nubentium
413 808 455 844 et
470 799 797 843 immoderatius
816 797 982 860 nuptiis
1010 797 1240 843 utentium.
1273 799 1423 862 Neque

48 867 161 913 enim
181 868 216 912 si
235 867 345 926 agris
363 865 512 928 inique
531 883 580 912 ac
603 884 831 930 perperam
849 867 1007 913 invasis
1029 866 1090 912 ita
1118 869 1301 931 quisque
1319 879 1422 914 uta-

50 948 144 993 tur,
174 947 224 982 ut
254 953 301 981 ex
334 953 482 981 eorum
518 936 735 982 fructibus
769 937 907 997 largas
942 937 1232 1000 eleemosynas
1266 938 1418 993 faciat,

49 1005 146 1053 ideo
178 1005 375 1068 rapinam
393 1006 606 1065 justificat
635 1024 646 1050 ε
679 1023 817 1069 neque
840 1007 874 1052 si
905 1006 1012 1052 alius
1032 1007 1123 1053 ruri
1150 1019 1330 1071 paterno
1355 1008 1423 1055 vel

44 1082 158 1137 juste
179 1076 360 1139 quaesito
396 1093 548 1122 avarus
578 1078 830 1132 incumbat,
861 1077 958 1123 ideo
991 1079 1210 1141 culpanda
1237 1090 1298 1125 est
1314 1079 1424 1136 juris

49 1147 187 1194 civilis
206 1146 376 1205 regula,
397 1163 484 1208 qua
502 1145 718 1209 possessor
737 1147 954 1206 legitimus
974 1147 1115 1192 factus
1145 1158 1219 1193 est.
1250 1148 1339 1192 Nec
1358 1157 1424 1209 ty-

48 1216 240 1262 rannicae
259 1214 458 1261 factionis
476 1217 733 1279 perversitas
753 1216 985 1261 laudabilis
1008 1216 1112 1272 erit,
1139 1216 1174 1261 si
1200 1216 1314 1274 regia
1333 1215 1426 1260 cle-

49 1287 209 1331 mentia
231 1296 444 1346 tyrannus
464 1285 662 1331 subditos
687 1296 866 1337 tractet;
888 1303 968 1330 nec
991 1284 1294 1347 vituperabilis
1318 1285 1426 1331 ordo

52 1356 178 1414 regiae
217 1353 464 1417 potestatis,
507 1353 541 1399 si
582 1371 652 1399 rex
693 1353 949 1399 crudelitate
986 1354 1214 1417 tyrannica
1255 1354 1418 1401 saeviat.

53 1423 184 1471 Aliud
215 1433 276 1469 est
310 1440 496 1486 namque
534 1423 694 1482 injusta
727 1434 937 1487 potestate
968 1427 1083 1483 juste
1115 1424 1223 1471 velle
1258 1425 1347 1479 uti,
1385 1436 1428 1470 et

52 1493 170 1540 aliud
190 1506 251 1540 est
267 1497 384 1553 justa
398 1504 611 1556 potestate
627 1493 783 1553 injuste
801 1493 878 1540 uti.
905 1495 972 1539 Ita
991 1511 1070 1540 nec
1090 1494 1351 1540 concubinae
1370 1494 1426 1540 ad

51 1575 223 1627 tempus
246 1563 483 1620 adhibitae,
505 1564 539 1609 si
562 1564 753 1609 filiorum
773 1582 901 1610 causa
921 1565 1243 1622 concumbant,
1259 1568 1428 1624 justum

49 1635 218 1680 faciunt
256 1633 602 1679 concubinatum
641 1651 799 1687 suum;
839 1652 918 1680 nec
952 1636 1222 1696 conjugatae,
1261 1635 1295 1679 si
1325 1652 1428 1680 cum

51 1704 214 1751 maritis
237 1703 491 1761 lasciviant,
518 1704 705 1768 nuptiali
726 1704 867 1750 ordini
891 1704 1057 1751 crimen
1075 1705 1324 1768 imponunt.

114 1774 256 1821 XVII.
298 1775 428 1820 Posse
456 1792 557 1821 sane
589 1775 683 1820 fieri
715 1776 892 1839 nuptias
928 1793 976 1821 ex
1009 1776 1121 1822 male
1151 1775 1425 1837 conjunctis,

50 1845 230 1891 honesto
253 1855 400 1908 postea
419 1844 582 1909 placito
603 1857 891 1909 consequente
905 1883 916 1902 ,
944 1845 1222 1892 manifestum
1244 1858 1318 1894 est.
1347 1847 1428 1893 Se-

51 1915 134 1960 mel
168 1925 310 1960 autem
347 1915 508 1961 initum
548 1916 822 1962 connubium
854 1915 901 1961 in
933 1916 1108 1963 civitate
1143 1916 1224 1962 Dei
1255 1917 1423 1973 nostri,

51 1985 129 2032 ubi
151 1986 281 2032 etiam
300 2003 348 2031 ex
365 1986 510 2049 prima
533 1986 722 2033 duorum
748 1986 980 2032 hominum
1015 1986 1175 2050 copula
1204 1988 1428 2052 quoddam

50 2067 365 2102 sacramentum
384 2057 553 2120 nuptiae
577 2068 754 2117 gerunt,
778 2057 901 2103 nullo
929 2056 1061 2103 modo
1085 2068 1227 2121 potest
1250 2059 1333 2104 nisi
1352 2059 1428 2104 ali-

51 2130 178 2186 cujus
204 2142 353 2171 eorum
371 2136 509 2172 morte
533 2127 724 2173 dissolvi.
762 2127 910 2172 Manet
933 2127 1047 2171 enim
1065 2126 1292 2173 vinculum
1309 2146 1432 2191 nup-

50 2196 210 2242 tiarum
223 2233 234 2252 ,
256 2196 421 2242 etiamsi
438 2197 605 2259 proles,
630 2200 756 2257 cujus
773 2213 902 2242 causa
919 2197 1078 2242 initum
1105 2207 1185 2253 est,
1206 2198 1431 2244 manifesta

51 2266 269 2312 sterilitate
296 2284 387 2312 non
411 2268 701 2330 subsequatur
724 2284 736 2311 ε
765 2267 826 2312 ita
854 2277 904 2313 ut
928 2270 1021 2327 jam
1047 2267 1284 2313 scientibus
1316 2285 1426 2314 con-

46 2337 225 2394 jugibus
257 2354 348 2382 non
381 2354 423 2382 se
457 2337 570 2382 filios
593 2337 851 2393 habituros,
888 2354 1087 2401 separare
1118 2354 1160 2383 se
1194 2348 1338 2383 tamen
1361 2339 1431 2385 vel

50 2405 144 2468 ipsa
165 2419 293 2448 causa
309 2408 499 2454 filiorum
530 2418 660 2472 atque
681 2408 775 2455 aliis
794 2408 1001 2473 copulare
1020 2426 1109 2454 non
1126 2408 1267 2455 liceat.
1295 2409 1429 2466 Quod

53 2476 86 2520 si
104 2474 308 2530 fecerint,
335 2493 433 2522 cum
463 2481 522 2526 eis
549 2481 712 2544 quibus
745 2498 786 2527 se
810 2480 1138 2544 copulaverint,
1168 2479 1428 2526 adulterium

55 2544 356 2601 committunt,
386 2546 471 2609 ipsi
502 2556 645 2591 autem
670 2554 873 2608 conjuges
899 2560 1089 2596 manent.
1130 2549 1264 2592 Plane
1288 2547 1430 2593 uxoris

55 2615 273 2667 voluntate
289 2613 499 2665 adhibere
518 2615 646 2667 aliam
657 2653 669 2675 ‚
695 2618 810 2672 unde
826 2630 1079 2669 communes
1096 2614 1177 2666 filii
1194 2626 1430 2670 nascantur
