1758 3246
319 289 410 344 248
729 302 764 333 s,
806 301 1050 333 Aususrlm
1084 303 1287 333 EPISCOPI

314 369 450 414 habet
472 378 514 412 et
532 366 728 413 naturale
747 367 915 413 bonum
928 405 939 425 ,
963 369 1051 414 vim
1071 385 1244 432 quoque
1263 367 1466 413 amicitiae
1484 384 1495 411 t
1520 367 1578 411 ob
1601 367 1689 412 hoc

313 455 360 482 ex
376 455 462 483 uuo
487 439 602 483 Deus
637 436 778 483 voluit
809 455 956 483 omnes
981 438 1179 483 homines
1206 437 1389 483 condere
1406 474 1416 493 ‚
1457 446 1506 481 ut
1527 436 1572 481 in
1611 452 1688 488 sua

314 508 513 553 societate
537 525 625 553 non
649 507 736 553 sola
755 507 1036 553 similitudine
1065 508 1227 566 generis
1243 544 1253 563 ,
1285 507 1361 552 sed
1382 507 1511 552 etiam
1530 522 1686 564 cogna-

313 577 441 623 tionis
476 577 653 623 vinculo
693 588 952 623 tenerentur.
996 577 1145 622 Prima
1186 577 1330 639 itaque
1354 575 1561 622 naturalis
1597 574 1687 619 hu-

313 665 453 693 mana-3
478 648 690 693 societatis
709 647 867 710 copula
885 648 953 693 vir
971 657 1013 692 et
1048 664 1154 692 uxor
1193 657 1270 693 est.
1321 647 1442 702 Quos
1464 662 1544 691 nec
1573 644 1688 707 ipsos

306 717 496 776 singilios
520 716 720 762 condidit
741 719 854 761 Deus
874 754 884 769 ,
911 728 953 762 et
972 727 1181 779 tanquam
1204 716 1460 775 alienigenas
1480 712 1652 775 junxit1
1673 731 1684 758 τ

303 786 376 831 sed
396 788 569 833 aiteram
590 787 752 831 creavit
767 804 814 831 ex
839 788 973 832 altero
989 807 1001 839 ς
1028 788 1197 845 signans
1213 787 1343 832 ctiam
1360 787 1449 832 vim
1463 788 1679 843 conjunc-

313 857 435 901 tionis
451 857 496 902 in
517 857 663 909 latere„
685 856 800 900 unde
820 856 892 901 iila
911 857 1104 901 detracta
1119 893 1129 910 ,
1155 855 1339 900 formata
1356 866 1430 901 est.
1451 854 1679 899 Lateribus

307 926 420 970 enim
445 926 526 970 sibi
556 929 820 985 junguntur‚
858 926 935 988 qui
964 926 1126 988 pariter
1159 924 1412 980 ambuiant,
1443 935 1484 969 et
1517 924 1683 987 pariter

304 1011 391 1056 quo
415 995 642 1040 ainhuiant
664 995 901 1041 intuentur.
936 996 1211 1057 Consequens
1232 1005 1292 1040 est
1313 994 1520 1040 connexio
1545 994 1681 1039 socie-

305 1065 401 1107 tatis
418 1065 461 1108 in
483 1064 597 1119 ffliis,
629 1065 702 1126 qui
721 1081 833 1109 unus
848 1065 1051 1109 honestus
1072 1064 1241 1109 fructus
1257 1075 1334 1119 est,
1363 1082 1451 1108 non
1473 1067 1681 1122 conjunc-

308 1133 435 1177 tionis
460 1134 589 1177 maris
622 1144 662 1177 et
687 1133 908 1189 foeminae,
936 1134 1008 1179 sed
1044 1135 1319 1180 concubitus.
1363 1136 1537 1178 Poterat
1567 1132 1681 1177 enim

304 1201 448 1246 essein
474 1213 657 1264 utroque
675 1219 791 1255 sexu„
814 1203 941 1248 etiam
967 1203 1055 1248 sine
1081 1203 1490 1258 talicommixtione,
1509 1202 1681 1247 alterius

305 1271 488 1328 regentis
503 1307 513 1323 ‚
560 1272 732 1316 alterius
758 1273 1034 1334 obsequentis
1058 1273 1249 1318 amicalis
1272 1273 1476 1334 quar-:dam
1518 1281 1560 1316 et
1582 1287 1681 1330 ger-

304 1356 433 1384 mana
455 1351 722 1399 conjunctlo.

372 1409 430 1454 H.
464 1410 552 1454 Nec
570 1427 686 1455 nunc
719 1428 829 1473 opus
849 1423 929 1467 est,
969 1422 1017 1457 ut
1036 1422 1294 1468 scrutemur,
1318 1422 1360 1457 et
1382 1411 1427 1456 in
1447 1428 1493 1456 ea
1535 1426 1680 1473 quaes-

301 1478 418 1523 tione
435 1479 659 1524 delinitam
683 1482 937 1526 sententiam
968 1482 1240 1545 proferamus
1264 1519 1274 1537 ‚
1302 1481 1416 1526 unde
1437 1481 1681 1544 primorum

301 1547 534 1593 hominum
548 1550 690 1612 proies
711 1562 854 1613 posset
871 1553 1044 1597 existere
1065 1590 1075 1608 ‚
1110 1569 1218 1615 quos
1242 1551 1518 1596 benedixerat
1537 1553 1677 1605 Deus,

301 1616 476 1662 dicens:
503 1639 523 1659 «
562 1620 779 1676 Crescite,
809 1631 850 1666 et
893 1621 1277 1685 multipiicamini„
1305 1631 1347 1665 et
1380 1620 1557 1683 implete
1592 1630 1680 1664 ter-

302 1708 323 1727 »
346 1704 440 1732 ram
457 1688 494 1740 2,
516 1709 536 1729 »
560 1689 593 1733 si
616 1706 704 1733 non
734 1702 1010 1753 peccassent:
1052 1708 1152 1736 cum
1191 1690 1341 1736 mortis
1386 1689 1679 1735 conditionem

303 1774 486 1819 corpora
512 1776 661 1804 eorum
684 1761 911 1822 peccando
932 1761 1183 1815 meruerint,
1211 1778 1290 1806 nec
1311 1777 1397 1806 esse
1420 1759 1682 1805 concubitus

304 1826 385 1871 nisi
414 1828 661 1874 mortalium
685 1847 917 1893 corporum
943 1831 1092 1894 possit.
1119 1831 1270 1876 Plures
1291 1830 1406 1875 enim
1440 1829 1492 1875 de
1517 1829 1602 1874 hac
1636 1846 1681 1874 re

305 1898 530 1942 sententia-3
556 1898 825 1963 diversaeque
848 1901 1080 1946 extiterunt
1101 1919 1111 1945 :
1139 1911 1181 1946 et
1203 1901 1238 1946 si
1260 1899 1589 1946 examinandum
1607 1899 1678 1954 sit,

305 1966 475 2011 veritati
497 1967 743 2014 divinarum
773 1971 1100 2034 scripturarum
1117 1988 1320 2034 quaenam
1338 1986 1484 2015 earum
1504 1968 1682 2032 potissi-

304 2052 427 2080 mum
452 2050 680 2096 congruat,
700 2041 884 2102 prolixae
906 2042 1211 2104 disputationis
1237 2041 1458 2100 negotium
1480 2051 1555 2086 est.
1578 2039 1675 2085 Sive

302 2121 402 2163 ergo
441 2106 530 2150 sine
577 2109 770 2152 coeundi
799 2110 1029 2172 complexu
1053 2110 1137 2155 alio
1175 2109 1319 2172 aliquo
1353 2109 1503 2164 modo,
1532 2108 1566 2153 si
1593 2125 1681 2153 non

302 2185 569 2235 peccassent,
596 2175 790 2221 habituri
811 2189 949 2223 essent
967 2179 1077 2224 filios
1113 2197 1161 2224 ex
1200 2196 1378 2224 munere
1401 2180 1681 2242 omnipoten—

306 2242 456 2287 tissimi
485 2244 718 2295 Creatoris,
748 2247 826 2309 qui
849 2248 998 2310 potuit
1021 2249 1149 2293 etiam
1172 2249 1288 2312 ipsos
1313 2250 1401 2294 sine
1426 2249 1681 2312 parentibus

307 2312 511 2368 condere,
539 2314 612 2376 qui
631 2316 777 2377 potuit
797 2334 971 2362 carnem
997 2318 1164 2363 Christi
1188 2319 1233 2363 in
1247 2329 1369 2364 utero
1386 2317 1681 2377 virginalifor-

304 2398 439 2435 mare,
462 2384 503 2426 et
526 2385 711 2430 utetiam
733 2387 836 2449 ipsis
852 2387 1105 2433 infidelibus
1130 2388 1302 2452 loquar,
1330 2390 1406 2451 qui
1424 2388 1571 2450 potuit
1589 2389 1680 2450 api-

303 2451 385 2496 bus
397 2452 565 2514 prolem
592 2455 680 2500 sine
705 2458 946 2503 concubitu
971 2458 1096 2503 dare:
1129 2459 1216 2503 sive
1247 2458 1312 2503 ibi
1340 2457 1479 2502 multa
1499 2458 1680 2520 mystice

301 2537 351 2566 ac
371 2523 552 2581 figurate
570 2523 689 2572 dicta
717 2527 803 2571 sint
820 2564 831 2583 ,
870 2527 1079 2591 aliterque
1109 2528 1164 2573 sit
1195 2525 1526 2586 intelligendum
1558 2526 1678 2589 quod

357 2601 368 2627 ¹
385 2604 469 2635 Gen.
488 2616 530 2644 11,
548 2616 606 2640 21.
622 2622 668 2629 —-
685 2605 700 2630 2
718 2607 765 2639 Id.
782 2619 807 2652 1,
825 2609 881 2642 28,
