1758 3246
2 204 5 221 1

2 229 5 239 ι

0 311 4 351 l

0 510 3 548 ¹,

356 293 409 322 DE
445 292 592 323 AGONE
629 293 920 331 CHRISTIANO,
958 294 1044 324 LiB.
1088 296 1114 325 1.
1358 295 1443 343 197

76 353 191 400 facta
211 367 310 402 sunt
343 358 510 413 omnia,
538 376 625 404 non
650 359 710 404 sic
732 359 962 421 assumpsit
984 358 1108 404 illum
1140 359 1360 407 hominem
1396 372 1445 406 ut

77 435 254 471 caeteros
296 437 485 478 sanctos,
515 429 587 473 sed
628 429 766 474 multo
799 428 1092 483 excellentius,
1120 429 1341 492 multoque
1373 448 1444 476 su-

74 493 276 540 blimius:
314 498 540 559 quomodo
565 499 711 561 ipsum
737 498 875 544 solum
900 499 1058 544 assumi
1079 501 1273 562 oportuit
1291 501 1335 545 iu
1359 518 1445 562 quo

75 563 297 626 Sapientia
317 567 572 613 homiuibus
597 580 851 632 appareret,
876 569 986 613 sicut
1005 585 1099 614 eam
1121 569 1346 614 visibiliter
1366 570 1446 614 de-

71 634 198 679 cebat
230 637 411 684 ostendi.
445 639 726 703 Quapropter
768 640 887 684 aliter
921 650 1022 684 sunt
1058 640 1270 703 sapientes
1301 641 1446 686 caeteri

70 703 268 750 homines
293 708 560 772 quicumque
583 721 704 767 sunt,
737 711 803 756 vel
838 727 925 756 esse
957 721 1218 774 potuerunt,
1242 710 1309 755 vel
1327 720 1449 773 pote-

68 785 190 831 runt3
211 787 253 821 et
276 778 399 824 aliter
416 779 486 824 ille
515 798 625 826 unus
657 781 871 827 Mediator
895 782 975 826 Dei
995 792 1035 826 et
1054 781 1283 826 hominum
1315 781 1448 825 homo

70 844 271 892 Christus
295 849 433 906 Jesrw,
463 851 538 914 qui
563 852 797 914 Sapientiae
822 851 957 914 ipsius
977 888 988 908 ,
1016 869 1094 914 per
1116 868 1248 914 quam
1271 851 1449 913 sapien-

71 923 130 959 tes
148 917 260 962 fiunt
283 921 549 984 quicumque
571 922 768 967 homines
785 959 795 977 ‚
818 939 904 966 non
922 922 1060 967 solum
1079 921 1341 966 beneficium
1361 919 1448 964 ha-

65 987 246 1043 bet‚sed
266 992 393 1037 etiam
412 1011 640 1055 personam
666 995 786 1054 gerit.
822 997 885 1039 De
913 995 1078 1039 caeteris
1102 995 1215 1039 enim
1235 992 1447 1056 sapienti-

63 1059 145 1104 bus
157 1072 199 1106 et
213 1062 482 1123 spiritalibus
500 1065 653 1110 animis
672 1076 786 1110 recte
812 1065 900 1109 dici
919 1075 1086 1127 potest,
1114 1064 1233 1127 quod
1254 1063 1447 1109 habeant

62 1128 105 1174 in
143 1147 184 1175 se
210 1133 404 1178 Verbum
446 1135 525 1179 Dei
569 1151 645 1197 per
678 1134 798 1198 quod
828 1134 941 1179 facta
979 1145 1079 1179 sunt
1103 1135 1274 1179 onmia:
1302 1133 1445 1178 sedin

62 1201 183 1246 nullo
205 1221 350 1250 eorum
378 1217 492 1251 recte
522 1205 608 1250 dici
635 1215 808 1268 potest:
830 1203 946 1268 quod
969 1225 987 1244 «
1007 1205 1204 1249 Verbum
1221 1220 1321 1249 caro
1354 1203 1444 1247 fac-

62 1291 83 1311 »
104 1282 196 1317 tum
222 1286 307 1331 est,
333 1287 373 1321 et
396 1276 613 1321 habitavit
637 1277 681 1320 in
706 1275 860 1328 nobis;
881 1297 901 1316 »
922 1274 1042 1338 quod
1067 1275 1112 1319 in
1134 1275 1224 1319 solo
1250 1274 1439 1318 Domino

62 1356 206 1391 nostro
231 1347 332 1393 Jesu
353 1349 530 1394 Christo
550 1349 784 1394 rectissime
808 1347 985 1393 dicitur.

124 1418 292 1465 XXIII.
316 1421 406 1465 Nec
428 1437 498 1465 eos
525 1419 750 1464 audiamus
766 1456 776 1474 ‚
805 1418 883 1482 qui
920 1417 1059 1462 solum
1080 1434 1240 1480 corpus
1277 1417 1442 1462 huma-

59 1504 165 1533 num
200 1501 448 1553 susceptum
483 1507 569 1535 esse
596 1489 751 1534 dicunt
775 1506 798 1533 a
819 1487 964 1532 Verbo
1003 1487 1100 1542 Dei,
1122 1487 1237 1532 etsie
1256 1486 1440 1532 audiunt

59 1558 178 1619 quod
200 1559 368 1605 dictum
384 1570 445 1606 est
464 1577 474 1604 ε
502 1581 521 1600 α
544 1561 599 1604 Et
616 1558 798 1604 verbum
819 1575 920 1603 caro
945 1556 1110 1602 factum
1133 1567 1218 1612 est,
1247 1579 1268 1598 2>
1291 1567 1340 1602 ut
1360 1574 1440 1601 ne·-

58 1628 302 1685 gentillum
319 1631 543 1675 hominem
560 1629 628 1674 vel
652 1629 840 1673 animam
862 1627 928 1672 vel
962 1627 1131 1690 aliquid
1147 1626 1340 1671 hominis
1362 1626 1439 1671 ha-

57 1697 221 1755 buisse,
248 1700 329 1745 nisi
367 1717 541 1746 carnem
579 1699 728 1744 solam.
761 1700 922 1743 Errant
965 1698 1082 1743 enim
1104 1698 1319 1744 multum:
1359 1715 1440 1743 nec

55 1767 302 1828 intelligunt
324 1770 421 1815 ideo
441 1786 615 1815 carnem
632 1768 767 1813 solani
790 1768 1058 1813 nominatam
1073 1785 1159 1813 esse
1181 1769 1228 1813 in
1247 1785 1295 1813 eo
1316 1767 1439 1831 quod

56 1838 224 1885 dictum
249 1851 339 1886 est:
359 1841 586 1888 «Verbum
600 1857 699 1885 caro
736 1839 902 1885 factum
932 1850 994 1884 est
1010 1876 1020 1895 ‚
1043 1861 1062 1880 υ
1084 1839 1187 1902 quia
1206 1839 1437 1884 hominum

55 1908 214 1965 oculis,
251 1922 433 1974 propter
474 1928 582 1974 quos
604 1910 719 1955 facta
743 1920 805 1954 est
828 1909 903 1955 illa
933 1910 1176 1973 susceptio,
1217 1925 1318 1954 caro
1343 1909 1435 1954 sol-t

53 1979 199 2041 potuit
221 1998 444 2043 apparere.
474 1981 585 2026 Nam
603 1981 635 2025 si
654 1979 891 2025 absurdum
903 1990 964 2024 est
979 1990 1020 2024 et
1039 1979 1165 2024 valde
1184 1979 1410 2038 indignum
1423 2015 1432 2026 .

54 2059 102 2094 ut
120 2049 365 2096 humanum
380 2051 583 2113 spiritum
606 2050 740 2094 bomo
759 2049 830 2095 ille
850 2066 937 2095 non
956 2049 1185 2104 habuerit,
1214 2049 1328 2095 sicut
1361 2065 1431 2093 su-

51 2119 199 2181 perius
219 2122 498 2166 tractavimus
514 2157 524 2176 ‚
545 2130 709 2183 quanto
731 2120 865 2179 magis
887 2119 1129 2165 absurdum
1146 2129 1188 2164 et
1208 2118 1436 2178 indignum

53 2199 143 2245 est,
165 2201 213 2235 ut
240 2208 318 2236 nec
342 2191 567 2254 spiritum,
596 2206 675 2235 nec
707 2191 897 2235 animam
922 2189 1131 2236 habuerit
1151 2226 1161 2244 ,
1190 2199 1232 2234 et
1256 2189 1342 2234 hoc
1372 2205 1438 2233 so-

51 2258 144 2304 lum
172 2259 381 2305 habuerit
419 2260 540 2324 quod
580 2260 709 2305 etiam
729 2259 774 2304 in
804 2259 1038 2322 pecoribus
1077 2259 1206 2306 vilius
1231 2269 1293 2304 est
1312 2268 1353 2303 et
1373 2276 1438 2303 ex-

52 2330 256 2387 tremius,
288 2331 334 2376 id
378 2341 459 2386 est,
489 2333 676 2394 corpus?
714 2330 749 2374 A
777 2340 922 2376 nostra
951 2348 1051 2391 ergo
1073 2330 1158 2376 fide
1194 2330 1323 2375 etiam
1361 2329 1440 2373 isla

51 2400 248 2463 impietas
265 2401 534 2455 excludatur,
558 2411 786 2463 totumque
801 2400 1026 2447 hominem
1042 2413 1174 2465 atque
1190 2399 1435 2463 perfectum

52 2488 74 2515 a
101 2471 244 2517 Verbo
271 2472 350 2517 Dei
379 2483 628 2536 susceptum
663 2488 748 2517 esse
775 2471 1016 2518 credamus.

115 2542 274 2588 XXIV.
306 2542 396 2588 Nec
437 2561 508 2590 eos
549 2543 802 2598 audiamus,
849 2543 927 2606 qui
963 2543 1049 2588 tale
1087 2558 1247 2605 corpus
1275 2541 1432 2587 Domi-

52 2629 156 2657 num
190 2623 383 2658 nostrum
413 2613 615 2659 habuisse
643 2612 822 2665 dicunt,
875 2612 999 2674 quale
1033 2612 1239 2675 apparuit
1276 2612 1319 2657 iu
1353 2628 1432 2656 co-
