1758 3246
357 263 410 293 DE
448 263 687 293 CONJL'GHS
724 262 1053 304 Anctxrssnims,
1093 266 1179 297 Lm.
1223 266 1272 297 11.
1414 253 1499 307 421

129 326 369 390 superiores
402 344 487 372 csse
515 328 799 384 arbitrantur,
835 346 887 373 ne
912 328 1125 391 pudicitia
1150 349 1273 393 pares
1295 349 1381 378 esse
1398 331 1500 392 dig-

128 406 313 441 nentur:
341 397 386 442 in
406 413 492 460 qua
515 398 642 442 etiam
665 399 820 461 praeire
843 397 1114 453 debuerunt,
1143 410 1190 444 ut
1210 417 1281 446 cos
1303 401 1389 447 illae
1408 412 1501 447 tan-

129 481 260 528 quam
277 482 349 511 sua
362 467 507 529 capita
525 478 815 530 sequerentur.
841 467 1031 523 Quando
1052 477 1192 513 autem
1213 469 1277 514 lex
1295 471 1507 533 prohibet

127 536 356 592 adulteria,
384 537 418 582 si
445 537 626 583 obtentu
651 539 977 584 incontinentiae
1011 538 1195 583 carnalis
1234 540 1504 587 infirmitatis

127 605 382 651 adettatur
404 607 635 663 excusatio,
656 608 803 654 multis
821 609 903 654 sub
926 609 1101 654 nomine
1126 608 1244 654 falsae
1262 610 1500 673 impunita-

125 675 178 720 tis
196 676 408 738 pereundi
444 679 636 740 aperitur
660 679 843 724 occasio.
882 678 1031 741 Neque
1065 678 1180 723 enim
1206 695 1380 724 carnem
1416 697 1502 726 uon

124 745 290 790 habent
324 746 517 792 foeminae
539 749 701 811 quibus
732 748 813 792 viri
841 747 1004 810 aliquid
1049 747 1132 793 tale
1153 747 1308 793 nolunt
1341 748 1467 794 licere
1485 786 1497 805 ‚

124 815 245 877 quasi
257 815 315 860 eis
329 817 430 878 quia
444 818 524 862 viri
547 828 649 863 sunt
666 817 806 864 liceat.
838 817 922 863 Sed
959 817 1071 863 absit
1094 828 1142 863 ut
1167 817 1356 863 melioris
1378 835 1498 864 sexus

125 894 329 947 tanquam
348 885 505 931 honori
528 886 753 942 debeatur,
782 887 899 950 quod
923 887 1079 952 pudori
1099 888 1371 941 detrahitur-3
1392 905 1496 933 cum

121 954 267 999 honor
283 958 427 1014 justus
448 957 616 1011 virtuti,
646 974 732 1002 non
752 958 858 1002 vitio
892 957 1114 1003 debeatur.
1164 958 1374 1013 Quinimo
1402 975 1506 1004 cum

123 1042 146 1068 a
177 1024 369 1070 foeminis
394 1026 543 1089 utique
577 1027 844 1072 habentibus
873 1043 1073 1081 carnem,
1102 1037 1266 1072 tantam
1302 1027 1503 1086 flagitant

122 1095 385 1151 castitatem„
427 1107 474 1141 ut
499 1097 678 1159 quando
713 1098 769 1142 ab
802 1097 1007 1142 uxoribus
1034 1097 1273 1142 diutissime
1307 1098 1504 1160 peregri-

121 1175 297 1221 nantur,
316 1166 448 1211 velint
472 1185 540 1212 eas
552 1168 607 1212 ab
625 1166 864 1211 adulterino
880 1167 1119 1212 concubitu
1135 1167 1501 1212 incontaminatas

120 1232 328 1280 fervorem
348 1238 579 1295 transigere
593 1237 858 1295 juventutis3
890 1237 961 1298 (ct
982 1236 1187 1299 plurimae
1218 1237 1500 1299 pudicissime

119 1305 379 1364 transigunt,
405 1316 446 1350 et
467 1306 645 1350 maxime
677 1305 816 1367 Syrae,
841 1323 1027 1369 quarum
1068 1307 1212 1351 mariti
1244 1306 1495 1366 negotiandi

121 1376 361 1439 quaestibus
385 1377 614 1439 occupati,
634 1380 812 1435 juvenes
845 1376 1182 1422 adolescentulas
1201 1376 1431 1432 deserunt,
1458 1388 1501 1422 et

120 1446 188 1490 vix
229 1445 462 1508 aliquando
503 1462 621 1490 senes
657 1445 708 1490 ad
744 1446 936 1492 aniculas
961 1448 1295 1508 revertunturt)
1330 1463 1379 1491 eo
1404 1447 1498 1510 ipso

120 1514 360 1560 evidentius
389 1515 712 1560 convincuntur
746 1533 832 1560 non
867 1533 953 1561 esse
979 1516 1274 1578 impossibile,
1303 1515 1422 1579 quod
1455 1534 1497 1561 se

121 1602 207 1630 non
240 1601 364 1648 posse
385 1595 630 1631 causantur.
666 1585 710 1629 Si
735 1585 847 1630 enim
869 1585 956 1630 hoc
993 1602 1078 1630 uon
1102 1595 1246 1648 posset
1272 1585 1501 1630 infirmitas

119 1654 372 1711 hominum,
395 1654 533 1700 multo
562 1655 706 1700 minus
725 1655 772 1700 id
791 1665 934 1718 posset
965 1672 1083 1700 sexus
1111 1655 1325 1701 infirmior
1347 1655 1498 1702 foemi-

119 1743 290 1772 narum.

182 1796 326 1842 XXII.
347 1794 472 1840 Unde
484 1795 602 1848 istos,
625 1794 700 1857 qui
727 1795 895 1840 virilem
915 1795 1210 1841 excellentiam
1224 1813 1312 1841 non
1329 1805 1491 1858 putant

118 1866 199 1911 nisi
220 1864 433 1929 peccandi
452 1864 691 1919 licentiam,
728 1865 904 1928 quando
934 1876 1139 1911 terremus
1167 1883 1219 1911 ne
1245 1865 1497 1911 adulterinis

117 1935 330 1995 conjugiis
352 1934 561 1980 haerendo
584 1946 758 1997 pereant
775 1936 820 1980 in
843 1947 1052 1981 aeternum
1069 1973 1079 1987 „
1108 1935 1293 1980 solemus
1310 1936 1369 1980 eis
1386 1952 1492 1998 pro-

116 2022 282 2069 ponere
311 2004 439 2050 etiam
474 2005 784 2050 continentiam
820 2005 1075 2050 clericorum
1094 2043 1105 2061 ‚
1143 2005 1219 2068 qui
1242 2004 1500 2068 plerumque

115 2076 312 2122 eamdem
338 2075 551 2121 sarcinam
579 2075 850 2121 subeundam
873 2077 1108 2139 capiuntur
1131 2076 1257 2121 inviti
1276 2112 1286 2130 ‚
1313 2093 1494 2138 eamque

116 2157 360 2208 susceptam
380 2162 514 2207 usque
537 2144 589 2190 ad
614 2145 811 2191 debitum
831 2147 960 2191 finem
980 2183 990 2194 .
1026 2147 1214 2192 Domino
1237 2145 1489 2205 adjuvante,

115 2215 380 2279 perducunt.
410 2214 606 2259 Dicimus
632 2232 730 2274 ergo
746 2215 805 2260 eis
824 2233 833 2259 :
863 2215 980 2271 Quid
999 2215 1032 2260 si
1049 2226 1089 2261 et
1106 2233 1180 2261 vos
1201 2214 1254 2260 ad
1279 2215 1366 2260 hoc
1385 2215 1496 2259 sub—

119 2285 312 2331 eundum
331 2283 600 2347 populorum
625 2285 828 2330 violentia
843 2285 1123 2348 caperemini,
1147 2301 1289 2330 nonne
1310 2301 1491 2347 suscep-

115 2366 207 2401 tum
228 2365 340 2400 caste
360 2353 631 2399 custodiretis
655 2354 864 2410 officium,
902 2366 1077 2418 repente
1112 2354 1307 2400 conversi
1333 2353 1386 2399 ad
1413 2353 1494 2398 im-

115 2424 349 2489 petrandas
378 2424 488 2468 vires
513 2442 536 2468 a
565 2425 752 2469 Domino
775 2461 786 2479 ‚
819 2425 872 2471 de
904 2426 1065 2489 quibus
1107 2440 1333 2486 nunquam
1370 2433 1494 2468 antea

113 2496 359 2556 cogitastis?
388 2492 474 2538 Sed
491 2493 603 2540 illos.
627 2494 849 2558 inquiunt,
872 2496 1014 2542 honor
1033 2494 1276 2559 plurimum
1298 2492 1470 2541 consola

113 2576 197 2612 tur.
224 2561 574 2626 Respondemus:
603 2566 655 2610 Et
673 2565 798 2610 vobis
820 2567 947 2612 timor
974 2566 1109 2611 multo
1137 2562 1322 2626 amplius
1339 2562 1492 2608 modess
