1758 3246
263 328 358 381 56ss
685 347 718 379 s.
763 346 1001 378 auersi-mi
1038 345 1239 377 Emscom

271 412 543 478 potissimum
572 413 845 474 corrigendos
862 454 871 471 ,
912 425 959 460 ut
979 413 1040 459 illi
1065 413 1220 475 corrigi
1244 413 1404 478 possint
1420 452 1430 469 ‚
1467 430 1552 461 non
1587 427 1635 461 ut

267 486 543 532 infirmentur
592 485 856 533 benefacere.
914 486 1023 531 Sane
1057 485 1102 531 in
1134 503 1183 531 eo
1232 484 1348 549 quod
1384 485 1512 531 servis
1554 486 1634 532 Dei

268 566 474 620 prompte
496 567 623 620 atque
662 555 860 602 alacriter
898 555 1133 602 neccssaria
1172 555 1523 611 sulnuinistrant‚
1547 571 1634 601 non

265 626 407 672 solum
428 644 515 673 non
533 627 906 692 reprehendimus,
930 626 1001 672 sed
1021 626 1147 672 etiam
1168 625 1412 671 suavissime
1438 624 1632 688 amplec-

266 698 401 743 timur
422 715 433 743 z
454 697 593 744 sedne
611 716 809 762 perversa
827 696 1119 744 misericordia
1142 697 1276 757 magis
1295 713 1443 742 eorum
1472 695 1632 743 futurae

262 769 366 815 vitae
384 780 584 823 noceant,
614 787 744 833 quam
762 771 963 834 praesenti
987 769 1256 816 subveniant.

327 840 534 887 XXXIX.
570 840 713 886 Minus
737 841 850 887 enim
875 851 1106 905 peccatur,
1132 839 1165 886 si
1190 857 1274 885 nou
1299 839 1499 886 laudetur
1522 856 1630 904 pec-

268 920 387 956 cator
408 910 454 957 in
476 910 695 957 desideriis
715 912 870 958 animae
892 911 1009 958 suae¹
1027 949 1038 969 ‚
1066 922 1107 958 et
1127 912 1201 975 qui
1226 910 1376 974 iniqua
1412 910 1520 970 gerit
1549 910 1631 956 be-

260 981 504 1029 nedicatur.
536 982 655 1039 Quid
675 994 815 1029 autem
834 983 1024 1048 iniquius
1041 1021 1050 1039 ,
1080 1000 1211 1047 quam
1233 983 1339 1028 velle
1359 982 1443 1028 sibi
1466 982 1633 1028 obtem-

261 1053 406 1118 perari
447 1072 470 1100 a
501 1053 770 1111 minoribus,
818 1066 860 1100 et
891 1055 1004 1101 nolle
1036 1055 1333 1117 obtemperare
1365 1053 1634 1115 majoribus?

265 1123 476 1189 Apostolo
499 1124 622 1179 dico,
651 1144 736 1171 non
762 1127 890 1172 uobis
912 1164 921 1183 ‚
946 1126 991 1172 in
1025 1137 1193 1171 tantum
1227 1135 1276 1171 ut
1311 1125 1440 1171 etiam
1464 1142 1634 1171 comam

264 1196 462 1243 nutriant
483 1215 493 1242 ε
519 1196 634 1243 unde
653 1197 723 1243 ille
741 1216 819 1244 nec
841 1198 1053 1262 disputari
1074 1198 1250 1243 omnino
1269 1196 1426 1253 voluit,
1452 1196 1598 1243 dicens
1620 1215 1630 1242 t

270 1288 291 1308 «
312 1266 357 1313 Si
378 1266 476 1331 quis
498 1266 594 1313 vult
622 1268 912 1314 contentiosus
938 1286 1021 1314 esse
1041 1305 1051 1322 ‚
1083 1285 1159 1314 nos
1188 1267 1315 1313 talem
1351 1267 1636 1314 consuetudi-

271 1358 293 1379 »
320 1354 418 1382 nem
455 1354 543 1383 non
573 1337 788 1383 habemus
807 1377 817 1393 ‚
853 1356 991 1402 neque
1028 1338 1220 1384 Fcclesia
1252 1338 1345 1384 Dei.
1377 1337 1473 1384 Hoc
1496 1348 1635 1384 autem

267 1429 290 1451 ³>
310 1407 523 1472 praecipio
547 1407 564 1436 2
584 1426 593 1453 :
612 1429 631 1449 n
655 1420 703 1454 ut
730 1409 894 1455 scilicet
920 1427 1006 1454 non
1031 1408 1270 1454 disserentis
1293 1407 1462 1454 solertia
1487 1408 1636 1471 requi-

262 1490 401 1535 ratur,
437 1478 510 1524 sed
551 1479 846 1542 praecipientis
886 1481 1117 1526 auctoritas
1152 1479 1414 1526 attendatur.
1451 1480 1564 1525 Nam
1594 1490 1637 1525 et

269 1551 359 1596 hoc
377 1567 464 1614 quo
476 1550 663 1613 pertinet
682 1568 846 1616 quaeso,
864 1563 950 1598 tam
974 1562 1120 1615 aperte
1137 1562 1287 1598 contra
1308 1551 1503 1614 Apostoli
1516 1568 1637 1615 prae-

269 1631 395 1684 cepta
420 1620 611 1667 comari?
632 1622 695 1668 An
715 1622 774 1668 ita
798 1622 1041 1669 vacandum
1060 1633 1121 1669 est
1144 1633 1192 1668 ut
1220 1639 1299 1668 nec
1317 1633 1508 1668 tonsores
1527 1639 1636 1686 ope-

267 1693 446 1738 rentur?
472 1691 539 1738 An
563 1691 667 1754 quia
705 1692 971 1753 evangelicas
993 1693 1189 1739 volucres
1211 1693 1371 1739 imitari
1396 1711 1438 1739 se
1463 1692 1633 1749 dicunt,

264 1762 388 1827 quasi
411 1761 464 1808 de
486 1761 614 1826 pilari
633 1762 787 1809 timont
803 1802 814 1820 ‚
843 1781 896 1809 ne
924 1763 1068 1810 volare
1092 1782 1178 1810 nou
1198 1764 1394 1827 possint?
1418 1764 1576 1810 Vereor
1591 1764 1636 1810 in

262 1832 353 1879 hoc
382 1832 534 1879 vitium
556 1832 683 1896 plura
716 1833 875 1891 dicere,
902 1846 1085 1898 propter
1117 1833 1326 1898 quosdam
1351 1834 1527 1880 crinitos
1545 1833 1638 1880 fra-

261 1914 364 1960 tres,
383 1921 569 1967 quorum
585 1915 743 1967 praeter
764 1904 853 1952 hoc
868 1905 1004 1951 multa
1019 1917 1058 1951 et
1072 1923 1182 1967 pene
1205 1903 1349 1951 omnia
1364 1922 1630 1952 veneramur.

264 1974 350 2020 Sed
373 1991 461 2038 quo
482 1975 616 2035 magis
661 1992 730 2021 eos
768 1975 813 2021 in
851 1975 1027 2022 Christo
1051 1975 1271 2036 diligimus
1290 2013 1300 2031 ,
1341 1993 1390 2021 eo
1413 1975 1637 2022 sollicitius

261 2045 556 2092 admonemus.
588 2046 737 2109 Neque
759 2048 873 2092 enim
898 2047 1128 2092 metuimus
1148 2064 1200 2092 ne
1223 2045 1449 2091 humilitas
1487 2063 1633 2095 eorum

259 2126 434 2177 respuat
458 2115 796 2163 admonitionem
826 2128 1015 2164 nostram
1034 2136 1045 2163 :
1080 2116 1436 2183 quandoquidem
1454 2127 1496 2163 et
1515 2134 1591 2163 nos
1613 2135 1635 2162 a

255 2187 442 2253 talibUS,
481 2187 559 2237 ubi
602 2188 711 2235 forte
736 2190 977 2236 titubamus
1016 2200 1091 2236 aut
1130 2189 1380 2235 aberramus
1395 2226 1406 2245 ‚
1433 2188 1636 2252 cupimus

253 2256 491 2305 admoneri.
522 2256 618 2304 Hoc
643 2276 742 2319 ergo
770 2259 1050 2306 admonemus
1084 2270 1174 2306 tam
1208 2269 1378 2305 sanctos
1401 2259 1542 2315 viros,
1582 2275 1636 2309 ne

254 2328 394 2375 stultis
409 2345 622 2375 vanorum
646 2331 1092 2390 argumentationilms
1130 2341 1405 2383 moveantur„
1436 2339 1478 2374 et
1495 2345 1564 2374 eos
1586 2328 1634 2375 in

251 2399 338 2446 hac
361 2399 638 2462 perversitate
658 2400 905 2457 imitentur,
935 2402 1096 2465 quibus
1124 2400 1289 2447 suntin
1314 2399 1481 2446 caeteris
1506 2397 1635 2456 longe

253 2467 490 2519 dissimiles,
515 2468 586 2515 Illi
604 2470 718 2516 enim
739 2471 933 2518 venalem
951 2471 1301 2518 circumferentes
1327 2467 1600 2532 hypocrisim
1619 2504 1630 2522 ‚

254 2540 410 2586 timent
429 2556 482 2585 ne
496 2538 622 2586 vilior
643 2539 861 2592 habeatur
891 2552 1014 2589 tonsa
1041 2541 1245 2588 sanctitas
1266 2556 1401 2604 quam
1428 2548 1599 2585 comata
1619 2575 1630 2593 ‚

261 2619 312 2654 ut
325 2607 525 2655 videlicet
544 2610 621 2674 qui
636 2627 706 2657 eos
725 2610 844 2658 videt
858 2649 869 2669 ,
891 2613 1091 2677 antiquos
1110 2611 1204 2658 illos
1223 2626 1331 2675 quos
1350 2608 1532 2669 legimus
1552 2625 1631 2654 co-

316 2686 426 2721 ¹Psal.
448 2699 481 2721 x.
506 2699 536 2719 n.
559 2689 587 2719 3.
605 2708 645 2714 —-·
664 2688 680 2711 ‘²
704 2693 863 2729 [(’.01-.Χ1,
886 2694 997 2728 [3216.
