1758 3246
342 341 434 386 236
759 355 796 387 s.
838 352 1081 386 Avousnm
1115 349 1320 383 muscorx

340 436 467 465 causa
494 437 582 466 non
601 420 796 466 tenebras
812 420 952 465 lucem
976 429 1017 464 et
1032 418 1175 464 lucem
1202 416 1400 462 tenebras
1414 431 1497 461 esse
1522 427 1706 463 conten-

340 487 504 545 dimus,
535 490 570 534 si
590 490 776 535 hostiam
805 489 949 534 vivam
969 524 979 543 ‚
1017 497 1210 531 sanctam
1230 523 1241 541 ,
1271 487 1362 530 Deo
1386 485 1628 548 placentem
1652 485 1706 532 de

338 558 474 616 gentis
500 558 779 604 tenebrarum
815 557 1072 620 corporibus
1087 555 1352 602 exhibemus

401 628 537 674 XXV.
569 628 671 683 Sed,
707 627 941 690 inquiunt,
964 624 1185 689 quomodo
1227 641 1326 670 caro
1367 642 1446 688 per
1470 626 1706 688 quamdam

336 696 662 742 similitudinem
694 706 974 759 comparatur
994 693 1229 740 Ecclesiae?
1264 695 1492 758 Numquid
1515 696 1707 742 Ecclesia

335 767 608 829 concupiscit
631 766 833 812 adversus
857 765 1117 810 Christum?
1166 780 1269 808 cum
1308 763 1426 809 idem
1472 765 1707 828 Apostolus

331 834 482 880 dixerit
499 853 510 880 ε
534 857 554 877 α
568 835 760 881 Ecclesia
780 835 956 880 subdita
973 845 1035 879 est
1058 834 1235 878 Christo
1254 832 1288 879 4.
1311 854 1332 874 n
1360 834 1493 880 Plane
1512 836 1707 882 Ecclesia

331 904 506 950 subdita
524 915 586 950 est
613 905 788 950 Christo
817 923 828 949 :
867 904 970 966 quia
998 903 1095 948 ideo
1120 902 1297 965 spiritus
1318 904 1594 966 concupiscit
1619 905 1703 950 ad-

334 988 482 1019 versus
506 991 696 1030 carnem,
721 984 770 1019 ut
788 974 907 1019 omni
931 990 977 1018 ex
995 982 1119 1035 parte
1131 972 1308 1017 Christo
1327 973 1542 1018 subdatur
1555 974 1707 1020 Eccle-

328 1042 388 1086 sia
405 1063 415 1095 ;
437 1060 537 1088 caro
556 1054 696 1089 autem
713 1043 986 1106 concupiscit
1009 1042 1211 1088 adversus
1221 1041 1451 1104 spiritum,
1475 1044 1578 1106 quia
1595 1061 1704 1089 non-

328 1111 434 1156 dum
452 1130 622 1174 pacem,
643 1130 744 1175 quae
762 1113 953 1175 perfecta
967 1112 1176 1175 promissa
1192 1121 1271 1166 est,
1302 1112 1469 1174 accepit
1490 1113 1695 1160 Ecclesia.

330 1181 394 1225 Ac
410 1198 488 1242 per
506 1181 592 1226 hoc
605 1181 796 1226 Ecclesia
814 1180 992 1226 subdita
1009 1191 1070 1225 est
1084 1181 1261 1224 Christo
1280 1197 1327 1225 ex
1341 1181 1523 1242 pignore
1536 1182 1701 1236 salutis,

329 1259 370 1293 et
391 1265 491 1294 caro
516 1250 788 1312 concupiscit
809 1249 1012 1294 adversus
1040 1249 1243 1311 spiritum
1262 1266 1310 1293 cx
1339 1250 1590 1295 infirmitate
1613 1250 1705 1296 lan-

328 1318 484 1376 guoris.
512 1320 661 1381 Neque
679 1319 790 1363 enim
811 1336 901 1363 non
938 1318 1142 1362 Ecclesiae
1170 1319 1365 1363 membra
1385 1330 1507 1364 erant
1539 1320 1669 1365 iidem
1689 1358 1701 1377 ,

329 1389 490 1449 quibus
512 1388 591 1434 ista
606 1389 805 1434 dicebat:
833 1409 853 1430 «
875 1388 1042 1451 Spiritu
1059 1387 1278 1433 ambulate
1296 1425 1307 1441 ,
1334 1399 1376 1433 et
1393 1390 1703 1452 concupiscen-

327 1476 348 1496 »
373 1457 452 1501 tias
475 1458 615 1502 carnis
638 1475 691 1502 ne
716 1458 995 1520 perfeceritis.
1030 1457 1142 1502 Caro
1166 1458 1281 1502 enim
1320 1459 1596 1521 concupiscit
1619 1460 1704 1505 ad·-

328 1546 349 1566 »
371 1542 515 1571 versus
528 1527 727 1589 spiritum
743 1564 753 1581 ,
774 1538 815 1571 ct
831 1527 1006 1589 spiritus
1024 1526 1226 1571 adversus
1244 1543 1434 1574 carnem.
1462 1529 1570 1574 Haec
1588 1529 1702 1575 enim

326 1614 348 1635 »
372 1595 453 1639 sibi
475 1595 660 1640 invicem
681 1596 981 1651 adversantur,
1008 1605 1057 1640 ut
1079 1613 1167 1640 non
1196 1612 1244 1640 ea
1284 1613 1385 1659 quae
1408 1596 1539 1642 vultis
1563 1597 1702 1644 facia-
1757 1598 1758 1634 Ῐ

328 1683 349 1703 >)
369 1665 420 1708 tis
443 1664 476 1710 2.
504 1685 524 1705 ›>
549 1665 657 1710 Haec
675 1666 826 1727 utique
844 1664 1050 1710 Ecclesiae
1068 1664 1344 1720 dicebantur,
1363 1682 1462 1728 quae
1474 1666 1509 1710 si
1525 1666 1701 1714 Christo

327 1733 501 1779 subdita
518 1752 606 1780 non
627 1746 749 1791 esset,
772 1753 861 1780 non
883 1736 929 1780 in
951 1753 998 1780 ea
1018 1736 1194 1798 spiritus
1214 1735 1414 1782 adversus
1434 1753 1607 1782 carnem
1623 1756 1702 1800 per

321 1804 632 1849 continentiam
652 1805 991 1867 concupisceret.
1018 1806 1202 1867 Propter
1225 1805 1345 1867 quod
1369 1816 1571 1868 poterant
1596 1808 1697 1870 qui-

327 1872 425 1917 dem
447 1875 819 1937 concupiscentias
837 1875 977 1920 carnis
1000 1891 1089 1920 non
1106 1875 1330 1937 perficere,
1361 1875 1432 1920 secl
1454 1892 1582 1921 carne
1599 1894 1699 1922 con-

325 1942 573 2003 cupiscente
595 1943 796 1989 adversus
820 1945 1020 2007 spiritum
1045 1961 1133 1989 non
1153 1954 1355 2006 poterant
1372 1962 1419 1990 ea
1441 1944 1582 1991 facere
1601 1963 1701 2009 quae

324 2011 529 2057 volebant
545 2050 555 2060 .
579 2013 625 2058 id
644 2025 722 2070 est,
755 2014 883 2059 etiam
920 2015 1035 2077 ipsas
1056 2015 1198 2059 carnis
1222 2015 1595 2077 concupiscentias
1612 2033 1700 2062 non
1750 2026 1753 2070 j

325 2080 500 2127 habere.
528 2083 713 2132 Deinde.
740 2101 819 2127 cur
842 2101 930 2128 non
953 2085 1240 2128 confiteamur
1259 2084 1304 2128 in
1327 2084 1580 2130 hominibus
1605 2086 1699 2149 spi-
1750 2080 1753 2126 ἶ

323 2149 524 2195 ritalibus
548 2151 786 2196 Ecclesiam
810 2152 1030 2197 subditam
1053 2152 1247 2207 Christo,
1275 2153 1320 2197 in
1348 2153 1596 2199 carnalibus
1618 2172 1699 2200 au-
1748 2152 1751 2203 ἕ

324 2228 410 2263 tem
429 2219 574 2264 adhuc
596 2220 905 2283 concupiscere
920 2221 1122 2265 adversus
1138 2220 1395 2267 Christum?
1415 2223 1483 2268 An
1497 2223 1699 2269 adversus

325 2289 552 2335 Christum
577 2307 665 2335 non
685 2292 1077 2353 concupiscebant,
1106 2292 1267 2354 quibus
1291 2291 1547 2338 dicebatur:
1568 2315 1589 2335 <‹
1616 2295 1699 2339 Di-
1748 2304 1749 2309 ’

323 2379 345 2400 >>
368 2359 482 2404 visus
523 2370 585 2404 est
609 2360 807 2405 Christus
826 2361 874 2406 ³?
897 2362 968 2411 Et,
998 2362 1095 2406 'Non
1123 2362 1249 2423 potui
1277 2361 1398 2425 loqui
1429 2363 1553 2408 vobis
1577 2363 1698 2425 quasi
1744 2386 1747 2426 3

323 2449 344 2469 »
367 2428 634 2490 spiritalibus
653 2466 664 2485 ,
706 2429 780 2474 scd
804 2430 925 2492 quasi
959 2430 1234 2483 carnalibus3
1272 2441 1481 2492 tanquam
1503 2432 1697 2494 parvulis
1744 2434 1746 2461 ἕ

319 2518 340 2538 »
365 2498 410 2542 in
437 2498 611 2543 Christo
635 2498 701 2544 lac
723 2500 848 2546 vobis
860 2510 1015 2562 potum
1033 2500 1159 2554 dedi,
1195 2517 1284 2544 non
1302 2516 1472 2554 escam3
1497 2501 1695 2548 nondum
1742 2514 1745 2520 '

317 2587 339 2608 »
357 2568 470 2611 enim
491 2569 728 2630 poteratis;
756 2568 829 2617 sed
859 2586 912 2614 ne
935 2585 1052 2615 nunc
1080 2568 1258 2632 quidem
1283 2570 1479 2632 potestis,
1495 2606 1507 2628 ,
1547 2571 1695 2620 adhuc
1741 2581 1758 2638 ἐῢ

367 2645 513 2688 ¹EpheS.
527 2658 558 2686 ν,
581 2646 720 2681 και-2
736 2649 838 2681 Galat.
852 2659 884 2688 v,
906 2650 960 2691 16,
978 2659 1032 2695 17.
1046 2667 1089 2674 —
1103 2647 1118 2671 3
1138 2660 1150 2680 1
1171 2650 1246 2683 Cor.
1263 2659 1287 2693 ι,
1308 2651 1361 2684 13.
