1758 3246
262 266 356 333 594
683 283 718 312 s.
761 280 1003 312 Auousnm
1038 280 1239 311 Emscom

259 364 431 395 movere
453 364 530 393 nos
553 346 713 392 debent
731 383 742 402 ‚
766 346 800 392 si
825 346 1028 410 cuiquam
1059 345 1307 392 daemonum
1333 352 1542 394 extortum
1570 358 1631 395 est

258 417 307 463 id
336 415 521 480 prodere
552 415 793 462 cultoribus
827 416 912 461 suis
930 454 941 472 ‚
979 415 1097 479 quod
1136 416 1346 462 didicerat
1375 434 1422 462 ex
1451 417 1633 481 eloquiis

259 485 584 550 Prophetarum
605 485 674 532 vel
697 502 744 531 ex
767 486 950 531 oraculis
970 486 1242 545 Angelorum.
1278 487 1410 544 Quod
1442 505 1520 534 cur
1545 506 1632 535 non

257 557 379 603 fieret
394 594 404 613 ,
427 574 528 602 cum
548 567 587 602 et
606 557 686 603 ista
703 573 794 602 non
818 557 874 602 sit
897 557 1189 620 oppugnati0‚
1219 558 1291 603 sed
1321 559 1534 605 attestatio
1553 577 1631 606 Ve-

258 627 430 674 ritatis?
463 626 579 673 ltlud
606 627 721 673 enim
753 627 872 690 quod
896 626 1034 672 solum
1066 627 1122 672 ab
1152 628 1210 673 eis
1237 628 1520 688 flagitandum
1543 641 1629 685 est,

259 715 338 760 nec
363 714 555 762 unquam
577 708 700 743 antea
717 697 995 760 protulerunt
1013 734 1023 753 ,
1051 714 1130 743 nec
1151 714 1341 761 unquam
1361 710 1507 762 postea
1521 736 1532 757 ,
1552 700 1633 748 nisi

258 767 368 814 forte
391 771 628 814 confictum
644 805 654 824 ,
674 767 867 831 proferre
890 769 1192 825 conabuntur,
1227 768 1389 833 aliquid
1413 770 1514 816 deos
1538 787 1634 818 suos

259 856 339 903 per
361 849 476 885 vates
496 856 594 884 suos
617 850 768 884 contra
796 840 932 883 Deum
955 838 1090 884 lsrael
1108 856 1230 884 ausos
1253 840 1490 903 praedicere
1505 840 1635 887 fuisse

261 919 336 954 aut
358 908 515 955 dicere.
547 910 610 954 De
639 925 726 971 quo
764 910 854 953 Deo
879 908 1116 954 doctissimi
1140 926 1287 954 eorum
1315 921 1532 967 auctores,
1559 910 1635 974 qui

261 981 405 1026 omnia
430 979 504 1025 illa
533 979 671 1039 legere
704 997 753 1024 ac
779 997 899 1025 nosse
926 989 1185 1043 potuerunt,
1214 981 1347 1041 magis
1375 982 1638 1045 quaesierunt

261 1051 358 1115 quis
386 1052 499 1096 Deus
522 1061 629 1096 esset
647 1086 657 1106 ,
693 1067 827 1113 quam
860 1052 999 1096 Deum
1028 1069 1183 1111 negare
1212 1063 1465 1115 potuerunt.
1501 1054 1637 1099 Porro

263 1131 406 1168 autem
427 1122 542 1166 Deus
557 1122 634 1166 iste
647 1158 657 1177 ‚
681 1137 810 1183 quem
829 1120 974 1166 nullus
993 1138 1141 1166 eorum
1161 1139 1316 1182 negare
1335 1139 1461 1168 ausus
1484 1134 1546 1168 est
1560 1140 1638 1171 ve-

261 1208 361 1238 rum
384 1192 522 1237 Deum
536 1228 547 1247 ,
569 1192 645 1254 qui
668 1201 710 1235 et
726 1190 761 1235 si
778 1201 973 1250 negaret,
1001 1209 1087 1237 non
1105 1191 1243 1237 solum
1260 1193 1501 1252 sth‘aceret
1517 1193 1638 1239 debi—

261 1264 316 1308 tis
337 1263 483 1326 poenis
502 1299 512 1319 ‚
538 1262 820 1308 verumetiam
857 1263 982 1307 certis
1019 1263 1348 1308 convinceretur
1385 1264 1635 1318 effectibus3

264 1334 342 1380 iste
359 1341 459 1393 ergo
482 1333 612 1388 Deus,
634 1349 762 1395 quem
788 1349 934 1387 neme,
955 1343 1005 1377 ut
1025 1332 1128 1388 dixi,
1156 1332 1330 1378 illorum
1350 1350 1475 1378 ausus
1491 1344 1552 1379 est
1567 1350 1637 1379 ne-

265 1422 365 1465 gare
388 1421 536 1451 verum
565 1405 700 1448 Deum
716 1440 726 1459 ,
753 1403 849 1448 illos
874 1402 1000 1448 falsos
1019 1420 1104 1460 esse
1130 1403 1230 1449 deos
1252 1415 1292 1448 et
1313 1404 1489 1450 omnino
1514 1404 1638 1450 dese-

264 1475 442 1531 nendos,
466 1491 701 1537 eorumque
722 1473 883 1537 templa
901 1484 943 1518 et
962 1474 1190 1519 simulacra
1210 1485 1252 1519 et
1272 1491 1390 1520 sacra
1411 1474 1639 1520 evertenda

265 1563 346 1611 per
364 1562 461 1590 suos
477 1555 594 1591 vates
608 1581 619 1601 ,
644 1545 732 1589 hoc
752 1554 829 1599 est,
855 1544 1098 1607 Prophetas
1115 1581 1125 1600 ‚
1150 1555 1297 1607 aperta
1316 1544 1641 1590 denuntiatione

266 1616 469 1681 praedixit
484 1653 494 1672 ‚
517 1625 665 1679 aperta
681 1625 889 1678 potestate
907 1615 1137 1678 praecepit,
1160 1625 1309 1678 aperta
1329 1615 1506 1660 veritate
1522 1632 1641 1661 com-

266 1687 419 1751 plevit.
455 1685 580 1732 Unde
604 1686 702 1750 quis
737 1703 870 1750 usque
899 1685 1004 1730 adeo
1033 1684 1240 1749 desipiat,
1276 1685 1351 1748 qui
1382 1702 1469 1730 non
1497 1685 1641 1749 potius

267 1774 367 1803 eum
390 1756 623 1803 colendum
651 1756 778 1816 eligat
797 1794 808 1813 ‚
833 1773 963 1820 quem
987 1755 1071 1801 coli
1093 1773 1179 1801 non
1209 1755 1450 1819 prohibent
1472 1770 1582 1820 quos
1601 1766 1643 1802 et

269 1828 466 1874 colebat?
493 1831 632 1884 Quem
656 1827 814 1891 procul
845 1827 982 1873 dubio
1007 1844 1105 1872 cum
1142 1826 1279 1872 colere
1309 1827 1517 1889 coeperit,
1548 1826 1642 1872 illos

270 1901 419 1963 utique
441 1917 528 1945 non
552 1910 613 1944 est
637 1899 833 1945 culturus
849 1936 860 1955 ‚
888 1916 994 1962 quos
1014 1899 1219 1962 prohibet
1238 1897 1322 1944 coli
1348 1914 1477 1960 quem
1497 1897 1613 1946 colit.

334 1972 459 2018 Mil.
507 1970 637 2027 Quod
660 1981 801 2016 autem
821 1971 964 2034 ipsum
985 1980 1120 2015 essent
1136 1969 1322 2014 culturae
1347 1978 1490 2028 gentes
1512 1977 1643 2016 exter-

269 2041 441 2087 minatis
467 2041 548 2086 diis
566 2041 681 2086 falsis
699 2058 808 2105 quos
832 2052 955 2087 antea
980 2040 1211 2095 colebant,
1245 2057 1268 2085 a
1301 2038 1535 2102 Prophetis
1553 2041 1644 2099 ejus

271 2130 357 2159 esse
389 2113 651 2177 praedictum
683 2114 813 2178 paulo
843 2124 941 2159 ante
965 2111 1301 2159 commemoravi
1320 2149 1330 2166 ,
1368 2121 1410 2155 et
1436 2127 1554 2156 nunc
1572 2128 1644 2157 re-

269 2195 386 2248 peto.
429 2206 449 2226 «
469 2184 761 2241 Praevalebit‚
798 2185 963 2248 inquit,
995 2183 1210 2229 Dominus
1247 2181 1450 2228 adversus
1477 2198 1572 2237 eos,
1603 2190 1646 2226 et

270 2256 611 2301 »exterminabit
634 2273 779 2301 omnes
808 2255 908 2301 deos
936 2255 1127 2315 gentium
1159 2264 1284 2299 terrae
1302 2289 1312 2308 ,
1335 2263 1377 2297 et
1401 2251 1647 2297 adorabunt

269 2347 290 2369 »
308 2343 406 2372 eum
425 2327 718 2392 unusquisque
735 2326 901 2372 deloco
918 2343 1011 2377 suoq
1035 2342 1183 2370 omnes
1199 2322 1351 2369 insulae
1369 2320 1603 2383 gentium1.
1625 2342 1646 2363 ›>

270 2397 421 2462 Neque
443 2397 545 2444 solae
563 2398 714 2444 insulae
734 2435 745 2455 ,
766 2397 838 2444 sed
858 2398 914 2443 ita
933 2414 1080 2442 omnes
1098 2406 1241 2456 gentes
1257 2431 1268 2448 ‚
1291 2404 1340 2439 ut
1357 2393 1482 2438 etiam
1500 2408 1647 2438 omnes

268 2468 421 2515 insulae
444 2469 636 2530 gentium
662 2487 672 2515 ε
699 2468 1056 2533 quandoquidem
1082 2466 1189 2512 alibi
1210 2482 1297 2510 non
1329 2462 1490 2509 insulas
1508 2462 1647 2508 nomi-

269 2549 370 2597 nat,
401 2541 474 2586 sed
494 2542 741 2588 universum
759 2541 910 2587 orbem
937 2551 1147 2585 terrarum
1168 2573 1180 2593 ,
1209 2535 1356 2582 dicens
1379 2552 1390 2579 ε
1411 2556 1431 2576 «
1449 2534 1649 2580 Comme-

317 2623 491 2667 ¹VSoplion.
514 2636 550 2661 ιι,
575 2637 626 2658 11.
