1758 3246
316 256 408 302 208
735 273 768 302 s,
812 273 1054 304 Aususrim
1091 274 1293 305 EPISCOPI

317 337 414 381 Non
433 334 547 379 enim
562 338 655 394 jam
674 335 928 382 hominibus
945 375 954 387 ,
976 339 1047 384 sed
1070 340 1159 385 Deo
1178 341 1323 386 vivent
1337 376 1347 394 ,
1381 355 1480 384 cum
1503 339 1688 402 aequales

317 403 488 462 Angelis
507 403 610 449 facti
642 404 814 452 fuerint.
843 408 1156 453 Immutahitur
1176 425 1274 468 ergo
1299 424 1399 452 caro
1421 419 1461 452 et
1489 409 1685 467 sanguis,

314 484 355 518 et
378 474 451 518 fiet
469 491 628 537 corpus
657 475 833 520 coeleste
850 487 890 521 et
917 478 1171 535 angelicum.
1197 500 1216 520 «
1237 479 1292 522 Et
1315 478 1474 523 mortui
1494 478 1607 523 enim
1625 495 1688 523 re-
1745 495 1748 525 ·,

317 564 337 584 »
362 553 536 601 surgent
554 544 815 607 incorrupti,
835 556 876 589 et
896 563 972 590 nos
985 547 1318 592 immutabimur
1337 546 1353 575 1
1379 565 1388 591 :
1410 569 1429 588 »
1450 558 1498 592 ut
1522 558 1562 592 et
1579 546 1689 592 illud
1746 556 1749 593 ἐ

313 629 463 660 verum
477 614 546 669 sit,
568 614 684 676 quod
702 626 891 673 resurget
911 633 1011 660 caro
1028 636 1038 668 3
1060 628 1100 660 et
1121 616 1228 661 illud
1248 633 1397 662 verum
1416 618 1469 661 sit
1486 635 1496 661 ι
1522 616 1689 674 «Quod

314 706 336 726 2>
353 701 453 729 caro
470 694 513 730 et
549 685 717 742 sanguis
748 701 927 743 regnum
954 686 1033 730 Dei
1061 703 1148 730 non
1170 686 1470 748 possidebunt.
1509 708 1528 728 »

379 755 557 801 XXXV.
589 756 674 799 Ista
691 754 791 798 fidei
815 755 1091 817 simplicitate
1115 766 1155 799 et
1179 756 1421 800 sinceritate
1445 755 1591 801 lactati
1609 773 1690 802 nu-
1747 778 1749 785 ⁴

314 827 497 871 triamur
532 826 576 869 in
613 824 808 880 Christo,
850 836 891 869 et
927 842 1028 870 cum
1056 825 1228 888 parvuli
1272 843 1441 880 sumus,
1473 830 1687 885 maj0rum

313 896 434 940 cibos
453 912 541 939 non
563 904 835 956 appetamus,
858 895 929 939 sed
958 896 1233 940 nutrimentis
1251 895 1545 940 saluberrimis
1572 913 1689 940 cres-

315 981 461 1010 camus
490 964 535 1008 in
555 963 757 1018 Christo„
783 963 1090 1009 accedentibus
1113 966 1240 1010 honis
1264 965 1461 1010 moribus
1484 977 1524 1010 et
1545 965 1690 1010 chris-

313 1034 428 1079 tiana
438 1033 624 1093 justitia,
644 1032 689 1077 in
714 1049 801 1096 qua
821 1044 882 1078 est
907 1033 1094 1079 charitas
1123 1035 1199 1079 Dei
1220 1046 1261 1079 et
1286 1035 1471 1097 proximi
1499 1034 1690 1097 perfecta

311 1115 353 1149 et
372 1105 541 1149 firmata
563 1120 573 1148 ε
603 1113 651 1148 ut
678 1104 975 1166 unusquisque
1004 1114 1201 1149 nostrum
1225 1104 1277 1149 de
1301 1104 1478 1149 diabolo
1512 1104 1689 1149 inimico

311 1186 353 1219 et
387 1174 547 1233 angelis
568 1177 659 1232 ejus
683 1173 927 1236 triumphet
950 1175 993 1218 in
1024 1174 1251 1237 semetipso
1281 1175 1325 1219 in
1356 1174 1533 1219 Christo
1561 1191 1690 1237 quem

311 1245 469 1291 induit.
513 1244 628 1300 Quia
674 1243 865 1306 perfecta
900 1243 1089 1288 charitas
1130 1261 1208 1288 nec
1245 1243 1531 1307 cupiditatem
1556 1243 1690 1288 habet

310 1314 482 1370 saeculi,
506 1330 586 1358 nec
606 1313 805 1358 timorem
829 1313 994 1369 saeculi,
1024 1313 1070 1358 id
1094 1324 1179 1367 est,
1212 1330 1291 1358 nec
1324 1312 1610 1375 cupiditatem
1641 1323 1690 1357 ut

311 1386 508 1448 acquirat
524 1400 589 1428 res
608 1381 864 1444 temporales
879 1419 889 1435 ‚
917 1399 996 1427 nec
1019 1383 1219 1427 timorem
1243 1400 1296 1427 ne
1311 1382 1481 1426 amittat
1499 1399 1564 1426 res
1575 1391 1689 1426 tem-

309 1454 491 1518 porales.
524 1454 606 1497 Per
627 1469 733 1514 quas
751 1452 858 1496 duas
876 1456 1032 1510 januas
1056 1453 1187 1497 intrat
1212 1463 1254 1496 et
1275 1462 1424 1511 regnat
1456 1451 1655 1495 inimicus
1674 1488 1685 1505 ,

311 1526 387 1589 qui
412 1524 554 1588 primo
579 1523 657 1567 Dei
688 1523 869 1577 timore,
913 1522 1068 1567 deinde
1109 1523 1320 1567 charitate
1348 1520 1573 1584 pellendus
1607 1531 1682 1567 est.

307 1596 528 1640 Debemus
555 1593 703 1655 itaque
723 1602 843 1637 tanto
879 1591 1047 1637 avidius
1077 1602 1279 1655 appetere
1315 1590 1623 1653 apertissimam
1647 1600 1689 1635 et

306 1663 670 1713 evidentissimam
696 1661 985 1721 cognitionem
1016 1662 1206 1707 veritatis
1222 1698 1233 1717 ,
1279 1671 1443 1724 quanto
1461 1677 1538 1705 nos
1566 1659 1688 1706 vide-

306 1753 402 1782 mus
423 1735 468 1781 in
491 1734 705 1780 charitate
723 1733 936 1797 proficere
951 1770 961 1788 ‚
989 1743 1031 1777 et
1043 1736 1133 1791 ejus
1149 1732 1425 1794 simplicitate
1439 1748 1513 1776 cor
1527 1730 1687 1775 habere

307 1805 596 1860 mundatum,
625 1803 726 1866 quia
751 1803 846 1865 ipso
878 1801 1079 1846 interiore
1124 1801 1252 1846 oculo
1292 1800 1463 1846 videtur
1500 1799 1682 1845 veritas:

307 1898 327 1917 «
347 1876 467 1921 Beati
492 1876 605 1921 enim
626 1873 790 1919 mundo
808 1872 956 1927 corde,
984 1872 1144 1934 inquit,
1163 1871 1263 1934 quia
1289 1871 1372 1933 ipsi
1406 1871 1545 1914 Deum
1562 1869 1687 1914 vide-

310 1968 330 1988 »
348 1947 463 1991 bunt
487 1945 520 1992 Α.
542 1946 600 1989 [t
618 1944 664 1989 in
685 1942 898 1988 charitate
918 1942 1100 1987 radicati
1124 1952 1166 1986 et
1185 1940 1355 1986 fundati
1374 1938 1686 2003 praevaleamus

307 2038 328 2060 ›>
350 2015 718 2079 comprehendere
735 2031 836 2059 cum
857 2012 1061 2058 omnihus
1086 2011 1260 2066 sanctis,
1281 2027 1378 2072 quae
1393 2011 1448 2054 sit
1479 2009 1682 2065 latitudo,

307 2111 328 2130 υ
353 2098 394 2132 et
417 2086 642 2145 longitudo
678 2095 720 2129 et
764 2082 949 2128 altitudo
968 2119 977 2137 ,
1022 2092 1063 2126 et
1100 2080 1400 2143 profundum3
1427 2079 1534 2124 scire
1557 2079 1684 2124 etiam

307 2179 327 2200 2>
352 2157 739 2221 supereminentem
781 2152 999 2198 scientiam
1024 2151 1249 2197 charitatis
1296 2150 1488 2204 Christi,
1521 2160 1569 2194 ut,
1591 2149 1684 2193 irn-

306 2250 326 2270 »
350 2229 548 2291 pleamur
571 2227 617 2272 in
647 2241 818 2270 omnem
849 2221 1169 2284 plenitudinem
1190 2221 1326 2266 Dei3:
1350 2241 1370 2261 ›>
1407 2229 1448 2264 et
1481 2229 1580 2281 post
1603 2218 1683 2263 ista

305 2316 405 2344 cum
424 2297 631 2343 invisibili
649 2297 774 2341 hoste
800 2292 1035 2338 certamina
1053 2329 1064 2349 ,
1108 2291 1314 2355 quoniam
1353 2289 1604 2335 volentibus
1642 2298 1685 2333 et

306 2369 550 2414 amantibus
565 2371 719 2427 jugum
740 2362 905 2408 Christi
929 2362 1022 2408 lene
1044 2373 1127 2419 est,
1152 2373 1194 2407 et
1218 2361 1387 2407 sarcina
1406 2363 1495 2418 ejus
1520 2358 1624 2404 levis
1640 2357 1675 2403 Δ.

305 2455 510 2485 coronam
528 2437 722 2485 victoriae
743 2450 996 2480 mereamur.

356 2539 366 2559 ¹
400 2549 410 2567 1
445 2537 520 2568 Cor.
550 2545 601 2573 xv,
635 2535 692 2567 52.
720 2552 750 2558 —
765 2530 913 2564 2Maut1.
936 2541 965 2567 ν,
987 2532 1016 2562 8.
1035 2545 1074 2551 -
1089 2527 1103 2551 3
1124 2529 1242 2572 Ephes.
1262 2540 1313 2566 ιιι,
1335 2537 1451 2567 ¹7·¹9·
1473 2541 1511 2547 --
1529 2522 1544 2547 ⁴
1564 2522 1682 2556 Matth-

308 2601 362 2629 xx,
391 2593 442 2621 30.
