1758 3246
312 335 367 364 DE
405 331 571 364 SANCTA
606 329 929 371 vaINlTATE,
966 331 1055 363 LIB.
1101 336 1129 364 Ι.
1335 332 1424 380 297

53 401 348 465 disputatione
369 416 467 445 cum
492 398 547 444 ad
564 397 675 443 illud
691 397 933 444 veniremus
959 398 1077 460 quod
1094 398 1209 443 idem
1236 398 1428 461 Aposto-

51 471 117 517 lus
141 472 201 517 ait
223 489 232 516 :
262 492 282 512 ε(
301 471 336 514 T
340 469 646 514 ribulationem
670 478 811 513 autem
833 467 974 512 carnis
1013 467 1246 512 habebunt
1267 468 1427 527 hujus-

52 562 73 582 »
94 541 235 596 modi,
272 556 348 599 ego
373 549 516 584 autem
546 538 669 584 vobis
704 554 839 600 parco
857 536 900 590 1;
925 557 945 579 2>
985 536 1031 581 in
1055 537 1158 582 alios
1191 537 1429 595 litigatores

50 610 329 665 incurrimus,
353 609 428 671 qui
447 625 535 653 non
560 607 746 671 aequales
768 617 993 670 perpetuae
1012 606 1292 651 continentiae
1308 623 1429 669 nup-

52 680 132 724 tias
144 678 352 732 facerent,
382 678 456 723 sed
476 695 544 723 eas
570 677 746 722 omnino
768 676 1037 722 damnarent.
1063 676 1175 721 Nam
1192 693 1293 721 eum
1311 693 1429 721 error

55 760 235 811 uterque
268 748 344 804 sit,
387 748 454 794 vel
482 764 654 810 aequare
677 757 836 793 sanctae
857 746 1097 807 virginitati
1121 746 1321 809 nuptias,
1359 746 1429 792 vel

52 817 258 863 damnare
286 835 297 862 t
324 817 452 863 nimis
485 817 672 863 invicem
691 816 900 877 fugiendo
918 854 929 873 ,
958 816 1045 862 duo
1068 816 1138 862 isti
1164 833 1325 861 errores
1348 814 1430 861 ad-

51 904 169 933 versa
194 887 334 933 fronte
357 888 614 947 confligunt,
641 888 742 951 quia
768 888 959 933 veritatis
982 887 1176 933 medium
1191 897 1333 932 tenere
1345 903 1430 931 no-

51 957 225 1002 luerunt
242 978 253 1011 ;
282 974 368 1020 quo
382 967 423 1002 et
433 968 547 1002 certa
564 957 748 1013 ratione,
772 969 814 1002 et
832 967 1079 1003 sanctarum
1100 957 1428 1019 Scripturarum

53 1029 330 1083 auctoritate,
354 1044 433 1073 nec
463 1038 697 1090 peccatum
726 1046 810 1073 esse
831 1028 1007 1091 nuptias
1039 1027 1283 1073 invenimus
1301 1063 1311 1082 ,
1348 1043 1429 1071 nec

51 1112 121 1140 eas
142 1096 260 1140 bono
285 1095 354 1142 vel
376 1096 595 1154 virginalis
629 1097 910 1141 continentiae
926 1132 938 1151 ,
963 1096 1033 1141 vel
1071 1096 1201 1140 etiam
1240 1095 1427 1141 vidualis

51 1181 288 1227 aequamus.
332 1165 417 1210 Alii
448 1166 614 1228 quippe
653 1164 903 1227 appetendo
936 1165 1226 1223 virginitatem
1252 1165 1429 1228 nuptias

54 1244 259 1297 tanquam
301 1234 561 1278 adulterium
590 1233 861 1279 detestandas
885 1250 971 1278 esse
1005 1244 1272 1296 putaverunt
1299 1251 1309 1278 ε
1356 1233 1428 1278 alii

50 1319 151 1349 vero
195 1301 465 1347 defendendo
510 1303 783 1348 connubium
800 1339 810 1357 ,
862 1302 1157 1348 excellentiam
1206 1313 1432 1367 perpetuae

52 1372 331 1418 continentiae
349 1372 461 1417 nihil
474 1373 625 1417 mereri
649 1373 835 1435 amplius
847 1389 978 1435 quam
997 1373 1270 1432 conjugalem
1293 1372 1432 1436 pudi-

52 1443 200 1487 citiam
224 1442 483 1495 voluerunt3
519 1442 643 1505 quasi
660 1442 728 1488 vel
752 1443 963 1488 Susannae
982 1443 1151 1488 bonum
1169 1479 1180 1498 ,
1209 1443 1360 1488 Mariae
1380 1442 1435 1488 sit

52 1512 324 1568 humiliatio,
357 1512 425 1558 vel
450 1512 601 1557 Mariae
627 1516 764 1572 majus
794 1513 959 1558 bonum
980 1549 991 1569 ,
1025 1513 1234 1558 Susannae
1274 1512 1431 1558 debeat

52 1598 138 1626 esse
158 1581 394 1628 damnatio.

116 1654 212 1699 XX.
242 1653 367 1698 Absit
400 1670 499 1713 ergo
538 1663 586 1698 ut
618 1652 679 1698 ita
715 1653 866 1698 dixerit
907 1654 1140 1717 Apostolus
1174 1653 1324 1717 nuptis
1343 1652 1432 1699 sive

51 1722 276 1785 nupturis:
306 1724 432 1782 «Ego
468 1733 607 1768 autem
645 1724 770 1768 vobis
790 1741 946 1786 parco:
969 1744 989 1765 >³
1015 1734 1223 1787 tanquam
1247 1723 1434 1769 noluerit

53 1791 211 1848 dicere,
245 1809 344 1856 quae
362 1808 497 1856 poena
523 1793 762 1852 conjugatis
784 1794 829 1838 in
852 1794 999 1839 futuro
1023 1794 1183 1840 saeculo
1202 1794 1424 1840 debeatur.

53 1863 179 1908 Absit
198 1873 245 1907 ut
269 1880 292 1907 a
314 1862 493 1908 Daniele
514 1862 567 1908 de
586 1863 815 1926 temporali
831 1863 1241 1922 judicioliberatam
1266 1863 1430 1909 Paulus

52 1932 254 1978 mittatin
278 1933 535 1993 gehennam.
568 1933 694 1978 Absit
719 1943 768 1978 ut
804 1933 1012 1979 maritalis
1046 1934 1200 1979 thorus
1234 1934 1272 1979 ei
1296 1950 1432 1997 poena

52 2002 107 2047 sit
130 2013 227 2048 ante
245 2003 440 2049 tribunal
465 2002 656 2058 Christi,
694 2003 765 2048 cui
787 2003 920 2048 fidem
951 2003 1163 2049 servando
1202 2003 1328 2063 elegit
1349 2003 1431 2048 sub

52 2071 157 2117 falsa
179 2073 454 2118 accusatione
476 2071 677 2118 adulterii
701 2072 769 2118 vel
790 2072 1046 2136 periclitari,
1068 2073 1138 2119 vel
1162 2073 1287 2120 mori.
1310 2072 1431 2130 Quid

52 2141 139 2200 egit
152 2157 231 2186 vox
246 2142 342 2187 illa:
365 2163 386 2183 α
408 2142 561 2187 Melius
580 2152 640 2187 est
660 2142 772 2187 mihi
795 2142 987 2188 incidere
1004 2143 1050 2188 in
1073 2160 1228 2189 manus
1250 2153 1427 2199 vestras,

52 2231 73 2252 υ
91 2227 224 2273 quam
246 2229 428 2274 peccare
447 2211 494 2256 in
517 2223 755 2276 conspectu
770 2213 848 2258 Dei
873 2213 910 2269 2,
931 2234 952 2254 ›>
971 2213 1006 2258 si
1025 2214 1141 2258 Deus
1158 2231 1252 2259 eam
1262 2213 1402 2258 fuerat
1418 2248 1430 2268 ,

53 2297 140 2325 non
166 2281 269 2343 quia
305 2281 567 2345 pudicitiam
605 2282 847 2346 nuptialem
878 2283 1103 2340 servabat,
1139 2284 1429 2338 liberaturus,

54 2350 127 2395 sed
147 2351 247 2413 quia
279 2362 507 2415 nupserat,
535 2353 846 2400 damnaturus?
871 2355 926 2399 Et
951 2371 1069 2400 nunc
1112 2355 1280 2418 quoties
1307 2353 1433 2399 casti-

3 2432 6 2499 ᾗ
56 2430 119 2465 tas
160 2422 396 2481 conjugalis
435 2422 636 2469 adversus
675 2423 1007 2470 calumniatores
1049 2425 1430 2487 criminatoresque

3 2532 7 2596 l

55 2489 309 2553 nuptiarum
336 2493 575 2556 Scripturae
596 2504 757 2539 sanctae
785 2495 962 2540 veritate
998 2495 1210 2548 munitur,
1250 2493 1375 2538 toties
1412 2511 1435 2538 a

58 2558 225 2622 Spiritu
249 2573 395 2608 sancto
428 2574 580 2609 contra
611 2563 739 2609 falsos
770 2575 895 2611 testes
935 2565 1132 2610 Susanna
1165 2562 1430 2620 defenditur,

106 2639 116 2660 ¹
138 2650 151 2669 1
172 2640 248 2673 Cor.
267 2651 327 2682 vu,
349 2643 402 2674 28.
418 2659 460 2667 ·—
477 2641 492 2664 2
511 2644 592 2675 Dan.
612 2653 687 2686 xm,
710 2645 765 2675 23.
