1758 3246
339 259 428 313 428
755 273 789 302 S.
834 272 1074 305 auersum
1109 272 1313 304 Emscori

334 354 428 382 sum
448 335 565 382 credi
587 336 726 383 voluit
749 355 760 382 ε
783 355 913 402 porro
939 339 973 384 si
991 338 1267 385 mendacium
1291 350 1353 385 est
1371 341 1608 389 enuntiatio
1623 344 1709 392 fal-

336 422 430 450 sum
453 406 677 452 enuntiare
705 408 886 454 volentis
923 419 970 453 ut
1006 407 1153 464 fallat,
1194 420 1344 454 neuter
1381 411 1585 458 mentitus
1623 425 1709 469 θεῖς

332 475 435 538 quia
449 486 490 521 et
505 475 577 521 ille
595 477 756 523 habuit
773 479 1042 524 voluntatem
1065 477 1222 524 salsum
1237 479 1423 526 dicendo
1443 498 1595 528 verum
1611 501 1711 546 per—

331 545 524 603 suadere,
546 557 587 592 et
606 547 684 592 iste
705 559 752 593 ut
773 547 931 594 falsum
949 548 1226 611 persuaderet
1242 567 1392 595 verum
1411 550 1568 600 dicere.
1595 555 1711 600 Abe-

332 616 389 661 rit
407 617 537 677 igitur
561 618 700 663 omnis
724 619 940 664 temeritas
957 629 1086 681 atque
1106 636 1232 664 omne
1263 621 1540 668 mendacium
1560 660 1572 679 ,
1601 625 1636 669 si
1664 625 1712 670 id

332 686 451 750 quod
488 705 639 733 verum
669 688 989 734 credendumve
1023 690 1335 748 cognovimus,
1371 707 1471 737 cum
1504 710 1614 756 opus
1648 705 1713 740 est

333 759 608 803 enuntiamus
625 795 636 814 ,
660 769 702 803 et
716 758 761 803 id
782 759 982 804 volumus
997 758 1257 822 persuadere
1276 760 1396 822 quod
1411 763 1703 811 enuntiamus.

333 827 378 872 Si
404 838 546 872 autem
572 828 637 873 vel
662 828 783 890 quod
809 828 966 874 falsum
991 839 1054 873 est
1072 845 1222 874 verum
1248 840 1451 891 putantes
1467 868 1478 887 ,
1504 831 1572 876 vel
1589 833 1712 896 quod

328 897 600 955 incognitum
635 908 697 942 est
734 898 860 943 nobis
893 915 974 961 pro
1009 898 1183 958 cognito
1214 899 1455 954 habentes,
1491 900 1556 945 vel
1591 902 1712 965 quod

329 965 595 1011 credendum
628 985 717 1013 non
742 978 803 1012 est
827 967 1072 1022 credentes,
1100 968 1168 1013 vel
1194 985 1296 1014 cum
1321 968 1367 1014 id
1396 986 1484 1014 non
1516 987 1626 1033 opus
1650 983 1712 1016 est

328 1037 600 1082 enuntiantes
615 1075 626 1094 ,
650 1048 795 1084 tamen
811 1055 898 1084 non
925 1037 1044 1084 aliud
1063 1055 1196 1102 quam
1215 1038 1261 1084 id
1287 1038 1407 1101 quod
1433 1041 1712 1087 enuntiamus

328 1107 584 1170 persuadere
612 1125 823 1154 conamur
847 1126 857 1153 :
890 1125 977 1153 non
1003 1109 1125 1154 abest
1156 1109 1333 1171 quidem
1366 1110 1620 1156 temeritatis
1639 1127 1711 1156 er-

328 1194 422 1233 ror,
456 1177 530 1223 sed
561 1178 681 1223 abest
711 1195 838 1223 omne
864 1177 1157 1225 mendacium.
1189 1178 1319 1224 Nulla
1344 1178 1459 1223 enim
1487 1178 1710 1226 definitio-

326 1263 432 1291 num
456 1247 630 1293 illarum
669 1247 861 1293 timenda
887 1258 973 1302 est,
1011 1265 1112 1293 cum
1144 1248 1254 1293 bene
1293 1247 1376 1293 sibi
1416 1248 1616 1294 conscius
1649 1260 1712 1295 est

330 1318 526 1374 animus,
554 1318 640 1364 hoc
676 1336 717 1363 se
746 1319 971 1363 enuntiare
998 1318 1119 1382 quod
1151 1335 1301 1364 verum
1331 1335 1417 1364 esse
1453 1329 1528 1364 aut
1556 1320 1705 1376 novit,

329 1398 404 1434 aut
423 1390 631 1452 opinatur
650 1426 659 1441 ,
695 1400 770 1435 aut
798 1389 962 1445 credit,
989 1406 1127 1451 neque
1157 1389 1265 1434 velle
1297 1389 1463 1452 aliquid
1487 1387 1568 1435 nisi
1587 1389 1709 1453 quod

327 1459 524 1503 enuntiat
545 1458 817 1521 persuadere.

394 1527 444 1573 V.
488 1527 572 1572 Sed
600 1538 746 1572 utrum
768 1528 822 1572 sit
842 1527 947 1572 utile
974 1526 1209 1591 aliquando
1239 1526 1515 1573 mendacium
1532 1565 1543 1582 ,
1567 1528 1708 1575 multo

326 1598 464 1656 major
482 1597 703 1661 magisque
725 1598 961 1643 necessaria
980 1597 1162 1660 quaestio
1182 1607 1257 1643 est.
1287 1597 1321 1640 [J
1328 1607 1444 1643 trum
1462 1614 1560 1658 ergo
1579 1615 1708 1644 men-

326 1668 459 1712 tiatur
481 1667 677 1731 quisquis
698 1667 876 1713 fallendi
904 1684 993 1713 non
1010 1667 1146 1712 habet
1170 1667 1438 1713 voluntatem
1452 1705 1465 1724 ,
1487 1667 1555 1714 vel
1577 1668 1707 1714 etiam

320 1735 366 1782 id
390 1737 477 1797 agit
501 1754 552 1782 ne
582 1736 759 1782 fallatur
781 1739 853 1783 cui
878 1735 1044 1800 aliquid
1067 1737 1294 1793 enuntiat,
1328 1738 1530 1800 quamvis
1563 1753 1707 1782 enun-

326 1806 549 1852 tiationem
576 1807 713 1871 ipsam
731 1807 881 1854 falsam
900 1806 1062 1852 habere
1082 1805 1294 1862 voluerit,
1322 1807 1426 1869 quia
1448 1806 1546 1852 ideo
1568 1805 1707 1852 voluit

326 1887 372 1922 ut
391 1894 539 1923 verum
560 1876 863 1940 persuaderet3
883 1887 924 1922 et
943 1887 1091 1922 utrum
1111 1877 1344 1922 mentiatur
1359 1877 1555 1940 quisquis
1575 1877 1706 1922 etiam

326 1963 471 1992 verum
512 1947 656 1992 volens
691 1948 885 1993 enuntiat
918 1963 1046 1992 causa
1076 1945 1280 2001 fallendi,
1317 1946 1514 1991 dubitari
1542 1957 1698 2009 potest.

323 2019 462 2063 Nemo
496 2029 639 2063 autem
679 2019 855 2064 dubitat
891 2018 1063 2063 mentiri
1098 2034 1228 2073 eum,
1256 2018 1333 2081 qui
1367 2017 1514 2062 volens
1546 2017 1705 2063 falsum

324 2088 519 2133 enuntiat
536 2105 663 2133 causa
683 2088 861 2134 fallendi
881 2106 891 2132 :
910 2098 1181 2150 quapropter
1196 2087 1537 2133 enuntiationem
1553 2086 1705 2132 falsam

324 2174 424 2203 cum
451 2157 672 2203 voluntate
699 2159 752 2204 ad
783 2157 1021 2204 fallendum
1055 2157 1268 2221 prolatam
1287 2195 1298 2213 ‚
1335 2156 1609 2203 manifestum
1642 2166 1705 2202 est

324 2243 409 2272 esse
432 2227 724 2274 mendacium.
757 2227 842 2273 Sed
864 2238 1007 2273 utrum
1033 2227 1120 2272 hoc
1145 2227 1285 2272 solum
1313 2228 1365 2273 sit
1396 2226 1671 2272 mendacium
1689 2263 1699 2282 ,

325 2296 404 2342 alia
428 2297 613 2360 quaestio
637 2309 711 2344 est.
746 2298 926 2343 Interim
951 2297 1004 2342 de
1025 2297 1111 2343 hoc
1136 2314 1286 2357 genere
1302 2334 1313 2354 ‚
1343 2298 1389 2343 in
1412 2296 1533 2361 quod
1557 2312 1704 2341 omnes

323 2367 627 2423 consentiunt,
650 2368 921 2432 inquiramus
944 2386 954 2412 :
980 2378 1126 2413 utrum
1147 2367 1382 2431 aliquando
1412 2367 1466 2412 sit
1495 2365 1599 2411 utile
1616 2365 1703 2411 fal-

324 2454 419 2482 sum
444 2436 609 2500 aliquid
635 2440 858 2484 enuntiare
883 2456 982 2484 cum
1012 2439 1234 2484 voluntate
1262 2437 1454 2483 fallendi.
1492 2437 1600 2481 Nam
1626 2436 1702 2499 qui
1756 2460 1758 2495 ς

320 2506 407 2552 hoc
425 2507 642 2564 sentiunt,
675 2508 888 2554 adhibent
920 2508 1161 2554 testimonia
1188 2507 1410 2553 sententiae
1435 2523 1549 2562 suae,
1575 2522 1700 2551 com-

324 2589 605 2623 memorantes
629 2579 775 2625 Saram
803 2596 900 2625 cum
925 2579 1094 2625 risisset.
1118 2579 1287 2639 Angelis
1306 2595 1476 2638 negasse
1500 2576 1616 2640 quod
1636 2577 1698 2633 rie
1756 2573 1758 2623 ἶ
