1758 3246
256 321 348 378 4⁴26
699 332 733 362 s,
778 328 1018 361 AUGUSTINJ
1054 329 1238 360 muscop

252 402 308 446 ab
345 399 420 445 illo
454 397 667 453 audierit,
701 395 926 442 indicavit.
975 395 1065 452 Qui
1088 395 1175 441 hoc
1212 396 1266 441 ab
1294 396 1352 441 eis
1384 394 1622 459 comperit,

250 471 396 516 rotulit
419 469 526 514 mihi
542 505 553 523 ‚
586 468 654 513 vir
680 467 818 527 gravis
847 477 887 511 et
910 465 1068 512 nobilis
1086 505 1095 521 ,
1122 477 1164 510 et
1187 466 1461 525 dignissimus
1485 466 1617 513 credi.

253 540 336 586 Sed
357 540 390 585 si
416 539 538 584 illum
561 548 756 583 sanctum
780 536 1046 582 monachum
1075 536 1167 599 ipse
1188 536 1384 582 vidissem
1404 574 1413 591 ‚
1440 538 1539 600 quia
1566 537 1626 582 si-

249 621 324 656 cut
346 609 480 654 fertur
495 646 505 664 ‚
532 606 844 671 patientissime
865 606 1237 665 interrogabatur,
1261 616 1301 650 et
1319 607 1628 669 sapientissime

250 679 571 743 respondebat,
610 676 856 740 quaesissem
888 676 945 721 al)
971 693 1020 720 eo
1047 674 1162 739 quod
1198 676 1250 720 ad
1282 676 1405 721 istam
1440 676 1628 739 pertinet

251 750 534 815 quaestionem
553 785 564 803 ‚
598 759 746 792 utrum
780 746 870 809 ipse
898 746 951 791 ad
972 745 1089 790 illam
1127 745 1352 791 fiieminam
1376 746 1558 791 venisset
1581 746 1628 792 in

251 821 433 874 somnis,
460 818 504 864 id
523 828 607 872 est,
632 816 809 880 spiritus
833 818 922 876 ejus
945 816 989 860 in
1015 815 1150 875 effigie
1171 816 1367 879 corporis
1388 817 1482 872 sui,
1516 816 1629 861 sicut

252 908 330 937 nos
353 891 469 953 ipsos
500 889 545 933 in
571 887 707 947 effigie
740 886 934 950 corporis
965 887 1101 932 nostri
1126 887 1416 941 somniamus3
1457 905 1511 932 an
1535 887 1628 950 ipso

253 960 369 1007 aliud
396 969 568 1019 agente,
591 957 657 1003 vel
687 957 720 1002 si
741 956 988 1002 dormiebat
1012 956 1129 1002 aliud
1154 958 1416 1013 somniante,
1443 957 1529 1002 sive
1551 974 1631 1020 per

253 1030 490 1091 Angelum,
515 1029 602 1074 sive
623 1044 903 1091 quocumque
928 1026 1012 1072 alio
1031 1026 1162 1072 modo
1187 1027 1232 1072 in
1256 1027 1446 1072 mulieris
1464 1027 1630 1072 somnio

253 1102 348 1147 talis
364 1101 479 1146 facta
492 1100 546 1145 sit
565 1099 698 1152 visi03
719 1109 848 1161 atque
864 1097 908 1143 id
929 1097 1145 1154 futurum,
1169 1109 1218 1143 ut
1234 1099 1324 1162 ipse
1340 1099 1626 1161 promitteret,

253 1171 502 1237 prophetiae
520 1169 688 1233 Spiritu
707 1168 922 1214 revelante
948 1169 1229 1231 praesciverit.
1258 1169 1301 1214 Si
1321 1168 1432 1214 enim
1458 1169 1549 1232 ipse
1566 1169 1631 1214 in-

253 1243 403 1288 terfuit
426 1239 660 1286 somnianti
684 1256 695 1284 :
719 1238 911 1284 mirabili
936 1238 1072 1297 gratia
1097 1240 1246 1301 utique
1269 1238 1313 1283 id
1340 1239 1485 1301 potuit
1503 1275 1513 1294 ,
1542 1255 1631 1284 non

254 1323 433 1365 natura3
459 1322 502 1356 et
523 1310 602 1355 Dei
619 1326 796 1355 munere
811 1345 821 1364 ‚
850 1325 938 1353 non
962 1308 1142 1370 propria
1164 1307 1381 1355 facultate.
1421 1309 1464 1354 Si
1487 1319 1630 1354 autem

252 1385 347 1447 ipso
370 1382 488 1428 aliud
513 1391 661 1440 agente
675 1417 685 1436 ‚
713 1379 800 1424 sive
818 1378 1058 1423 dormiente
1079 1388 1120 1422 et
1142 1378 1240 1423 visis
1260 1378 1352 1423 aliis
1379 1390 1595 1442 occupato
1615 1417 1626 1435 ‚

255 1471 351 1500 eum
370 1453 542 1506 mulier,
563 1450 674 1495 vidit
694 1449 739 1494 in
759 1448 940 1501 somnis;
964 1447 1160 1510 profecto
1185 1447 1264 1492 tale
1283 1448 1448 1512 aliquid
1466 1448 1630 1494 factum

256 1536 316 1571 est
333 1562 343 1580 ‚
370 1522 497 1588 quale
524 1520 633 1567 illud
662 1530 724 1565 est
746 1518 865 1583 quod
891 1519 935 1564 in
971 1518 1154 1564 Actibus
1189 1519 1497 1582 Apostolorum
1521 1520 1630 1580 legi-

255 1612 374 1649 mus,
401 1593 477 1638 uhi
506 1591 719 1636 Dominus
743 1590 865 1634 Jesus
889 1585 1084 1651 loquitur
1109 1589 1286 1634 Ananiae
1318 1589 1370 1635 de
1406 1590 1536 1636 Saulo
1555 1629 1566 1648 ‚
1589 1602 1631 1637 et

255 1665 421 1712 indicat
444 1663 481 1708 ei
506 1661 625 1724 quod
646 1659 801 1705 Saulus
827 1658 938 1705 vidit
973 1658 1027 1704 ad
1059 1676 1100 1704 se
1123 1659 1364 1705 venientem
1387 1661 1596 1707 Ananiam
1615 1699 1626 1718 ‚

256 1752 357 1781 eum
375 1734 464 1778 hoc
487 1731 672 1777 Ananias
696 1730 786 1793 ipse
811 1727 1033 1775 nescireffl.
1066 1729 1306 1786 Quodlibet
1337 1730 1494 1777 horum
1521 1732 1631 1778 1111111

254 1802 531 1868 responderet
553 1800 624 1846 ille
643 1800 777 1845 homo
804 1799 906 1855 Dei,
929 1809 971 1844 et
996 1798 1050 1844 cle
1074 1800 1111 1843 M
1121 1800 1338 1862 artyrilms
1356 1802 1411 1846 ab
1432 1802 1505 1847 illo
1524 1819 1631 1865 per-

256 1892 395 1937 gerem
411 1888 623 1937 quaerere,
645 1880 790 1915 utrum
809 1869 892 1932 ipsi
911 1869 1052 1914 adsint
1070 1869 1114 1914 in
1129 1871 1286 1914 somnis
1302 1907 1313 1926 ,
1334 1870 1398 1916 vel
1418 1889 1630 1934 quocum-

253 1962 338 2010 que
363 1944 445 1990 alio
469 1940 600 1987 modo
625 1939 876 1986 videntibus
900 1955 970 1984 eos
993 1939 1038 1983 in
1063 1956 1149 2001 qua
1172 1940 1310 1998 figura
1330 1941 1567 1995 voluerint3
1589 1953 1631 1987 et

255 2016 437 2063 maxime
457 2010 632 2076 quando
655 2010 710 2056 ab
729 2011 787 2055 eis
807 2026 848 2054 se
868 2009 1060 2071 torqueri
1075 2009 1293 2054 daemones
1309 2009 1354 2055 in
1378 2011 1631 2058 hominibus

256 2086 542 2139 confitentur,
568 2091 610 2127 et
631 2090 784 2139 rogant
807 2096 876 2125 eos
907 2090 954 2124 ut
977 2089 1164 2142 parcant
1193 2080 1277 2125 sibi
1305 2098 1315 2125 :
1344 2098 1397 2126 an
1418 2081 1496 2127 ista
1524 2083 1632 2128 fiant

257 2158 338 2202 Dei
361 2165 471 2200 nutu
491 2170 568 2215 per
593 2151 804 2210 angelicas
823 2151 1073 2206 Potest-ates,
1103 2149 1149 2194 in
1171 2149 1384 2197 honorem
1403 2169 1630 2199 commen-

257 2227 561 2286 dationemque
583 2222 843 2267 Sanctorum
863 2220 917 2266 ad
937 2219 1167 2265 utilitatem
1188 2221 1415 2268 hominum
1433 2261 1444 2280 ‚
1478 2224 1560 2270 illis
1584 2225 1630 2271 in

258 2313 425 2343 summa
447 2293 588 2356 quiete
610 2290 762 2354 positis
778 2327 789 2345 ‚
823 2300 865 2335 et
897 2289 950 2335 acl
976 2290 1057 2335 alia
1078 2290 1204 2351 longe
1232 2292 1410 2339 meliora
1430 2294 1520 2340 visa
1548 2312 1630 2341 va-

258 2366 460 2413 cantibus
478 2378 667 2408 seorsum
687 2379 709 2406 a
733 2360 859 2405 nobis
876 2398 886 2416 ‚
915 2360 1227 2424 orantibusque
1248 2379 1327 2425 pro
1348 2364 1488 2412 nobis.
1518 2367 1630 2412 Nam

260 2434 496 2483 Mediolani
522 2431 642 2496 apud
672 2440 841 2476 sanctos
870 2430 1110 2475 Protasium
1135 2441 1175 2476 et
1199 2433 1450 2479 Gervasium
1470 2447 1631 2499 marty-

256 2524 347 2562 res,
385 2519 578 2567 expresso
611 2500 807 2556 nomine,
855 2500 965 2546 sicut
1003 2499 1308 2547 defunctorum
1339 2521 1448 2567 quos
1479 2505 1630 2552 eodem

256 2575 388 2624 modo
412 2571 839 2629 commemorabant,
867 2570 1016 2618 adhuc
1038 2571 1186 2619 vivum
1209 2571 1427 2622 daemones
1457 2576 1629 2640 episco-

308 2660 474 2697 ¹Act.1x,
494 2668 544 2689 12.
