1758 3246
0 2452 1 2485 l

0 2529 2 2612 1

0 2613 2 2651 Ι

0 2655 3 2744 l

0 2755 3 2779 ι

0 2790 3 2852 Ι

352 290 406 320 mi
444 289 564 319 nouo
600 285 867 325 consuent,
907 287 994 317 Lm.
1038 288 1068 318 1.
1308 270 1398 317 253

33 354 182 416 utique
198 354 402 399 miscetur
419 354 455 398 ei
470 390 481 408 ‚
515 369 616 396 611111
640 367 726 413 quo
748 367 837 395 non
858 349 993 394 habet
1015 350 1158 396 foedus
1182 352 1395 398 uxorium.

32 422 341 468 Verumtamen
358 423 393 467 si
411 422 451 467 ei
476 421 590 466 thori
620 420 748 465 fidem
774 429 926 475 servet,
951 430 994 463 et
1015 436 1114 464 cum
1139 421 1209 465 ille
1231 439 1404 466 uxorem

32 491 223 547 duxerit,
257 493 419 537 nubere
450 491 544 553 ipsa
568 507 656 535 non
695 490 880 548 cogitet,
910 499 1039 551 atque
1063 507 1086 533 a
1117 489 1191 533 tali
1225 507 1402 551 prorsus

32 578 160 623 opere
182 561 398 607 continere
418 577 460 604 se
486 569 721 622 praeparet,
743 557 985 603 adulteram
1003 557 1182 619 quidem
1204 557 1397 603 fortassis

32 629 157 675 facile
176 629 390 692 appellare
410 646 499 674 11011
528 628 728 682 audeam,
752 644 838 672 non
857 643 1036 689 peccare
1061 637 1204 672 tamen
1217 627 1313 689 quis
1336 628 1402 672 di-

34 700 154 755 xerit,
176 715 276 744 cum
304 716 395 743 eam
420 699 531 753 viro,
567 702 693 757 cujus
714 714 819 742 uxor
843 714 930 741 non
952 706 1014 741 est
1029 733 1040 747 ‚
1067 697 1237 742 misceri
1267 697 1404 742 sciat?

33 769 233 813 Jamvero
250 769 283 812 si
306 785 354 812 ex
374 768 449 813 illo
470 768 728 822 concubitu,
764 777 978 828 quantum
1000 766 1054 810 ad
1070 766 1209 828 ipsam
1231 767 1400 821 attinet,

33 837 203 882 nonnisi
225 837 337 882 filios
363 837 482 890 velit,
507 846 549 879 et
567 835 786 898 quidquid
804 835 916 879 ultra
950 851 1122 880 causam
1147 835 1408 897 procreandi

34 907 200 970 patitur
221 907 356 951 invita
377 906 600 968 patiatur:
631 905 776 950 multis
797 904 975 967 quidem
995 905 1076 949 istu
1109 906 1315 950 matronis
1335 923 1408 952 an·

38 975 282 1039 teponenda
313 985 403 1028 est3
437 991 536 1038 quae
571 975 738 1019 tametsi
758 991 844 1019 non
885 984 986 1018 sunt
1021 972 1256 1030 adulterae‚
1293 975 1408 1021 viros

34 1056 178 1089 tamen
194 1061 291 1088 suos
315 1043 571 1106 plerumque
602 1043 729 1088 etiam
747 1043 968 1088 continere
991 1045 1216 1105 cupientes
1235 1044 1289 1089 ad
1311 1044 1406 1089 red-

39 1113 228 1159 dendum
248 1113 419 1158 carnale
437 1113 636 1158 debitum
660 1123 841 1171 cogunt,
877 1130 967 1157 non
1006 1113 1219 1157 desiderio
1246 1114 1380 1174 prolis
1396 1149 1408 1168 ‚

41 1182 114 1228 sed
150 1182 302 1227 ardore
340 1182 706 1244 concupiscentiae
731 1182 825 1244 ipso
859 1197 936 1225 suo
955 1184 1053 1239 J'ure
1075 1182 1414 1243 intemperanter

39 1262 230 1297 utentes:
257 1252 304 1296 in
330 1268 517 1313 quarum
538 1262 680 1295 tamen
708 1251 875 1313 nuptiis
891 1250 1058 1294 1101111111
1079 1260 1140 1294 est
1162 1251 1248 1295 1106
1267 1251 1413 1312 ipsum

41 1321 157 1385 quod
174 1331 325 1384 nuptae
347 1332 462 1366 sunt.
492 1321 554 1365 Ad
576 1322 662 1365 hoc
683 1321 798 1364 enim
821 1330 971 1381 nuptae
989 1329 1106 1374 511111,
1136 1329 1185 1364 ut
1201 1319 1274 1364 illa
1300 1337 1412 1365 con-

43 1391 310 1454 cupiscentia
338 1390 512 1435 reducta
543 1389 597 1434 ad
617 1390 860 1448 legitimum
880 1389 1125 1444 vinculum,
1149 1406 1238 1434 non
1271 1389 1417 1435 desor—

43 1461 124 1505 mis
138 1470 179 1504 et
197 1459 403 1504 dissoluta
424 1460 631 1514 fluitaret,
653 1459 819 1503 habens
834 1457 887 1502 de
910 1475 951 1502 se
967 1458 1061 1520 ipsa
1077 1458 1418 1505 irrefrenabilem

44 1529 185 1574 carnis
204 1529 517 1583 infirmitatem,
544 1528 597 1573 de
619 1528 784 1590 nuptiis
801 1537 945 1571 autem
959 1527 1303 1573 indissolubilem
1319 1529 1421 1575 fidei

45 1598 320 1651 societatem3
346 1597 398 1642 de
424 1615 464 1642 se
484 1598 576 1660 ipsa
596 1613 869 1660 progressum
895 1596 1176 1642 immoderate
1199 1599 1388 1644 coeundi
1403 1636 1414 1655 ‚

46 1667 98 1712 de
119 1667 282 1730 nuptiis
303 1667 481 1712 modum
507 1677 620 1712 caste
646 1665 920 1729 procreandi.
959 1667 1049 1710 Etsi
1073 1667 1186 1711 enim
1213 1677 1335 1731 turpe
1360 1680 1422 1715 est

7 1763 10 1766 ·
45 1736 275 1782 libidinose
299 1737 362 1781 uti
396 1736 502 1782 velle
540 1737 726 1790 marito;
764 1736 994 1781 honestum
1027 1747 1088 1781 est
1128 1747 1271 1783 tamen
1310 1739 1424 1784 nolle

47 1807 216 1852 misceri
249 1807 331 1851 nisi
365 1807 519 1852 marito
538 1844 548 1862 ‚
577 1817 620 1851 et
641 1824 727 1852 11011
751 1823 902 1869 parere
921 1806 1003 1851 nisi
1027 1806 1079 1852 de
1102 1809 1271 1854 marito.
1313 1809 1425 1854 Sunt

48 1875 149 1921 item
176 1876 259 1921 viri
293 1893 429 1939 usque
470 1876 577 1922 adeo
601 1877 934 1932 incontinentes,
969 1887 1018 1921 ut
1050 1879 1312 1937 conjugibus
1347 1896 1426 1924 nec

49 1945 235 2004 gravidis
262 1956 460 2008 parcant.
493 1946 723 2010 Quidquid
764 1963 863 2005 ergo
887 1946 999 1991 inter
1028 1964 1069 1991 se
1093 1949 1312 2007 conjugati
1337 1949 1426 1994 im-

51 2015 312 2072 modestum,
342 2016 701 2072 inverecundum,
724 2015 948 2061 sordidum
973 2027 1145 2076 gerunt,
1175 2019 1332 2064 vitium
1367 2030 1428 2064 est

51 2084 300 2141 hominum,
324 2102 412 2130 non
436 2085 566 2147 culpa
588 2087 858 2147 nuptiarum.

118 2155 194 2201 Vl.
221 2156 245 2199 J
251 2172 318 2200 am
336 2155 380 2199 in
407 2155 501 2217 ipsa
519 2172 692 2218 quoque
725 2154 1076 2200 immoderatiore
1101 2156 1319 2202 exactione
1344 2157 1426 2203 de·-

55 2224 139 2269 biti
158 2225 359 2281 carnalis,
377 2242 509 2288 quam
529 2225 588 2270 eis
598 2242 685 2270 non
704 2224 943 2271 secundum
954 2224 1185 2288 imperium
1202 2228 1424 2291 praecipit,

55 2293 128 2339 sed
148 2294 388 2340 secundum
405 2295 574 2341 veniam
589 2295 789 2341 concedit
813 2294 1063 2357 Apostolus,
1091 2307 1140 2341 ut
1163 2297 1292 2342 etiam
1315 2315 1428 2360 prae-

58 2372 122 2406 ter
148 2381 319 2409 causam
354 2364 614 2427 procreandi
643 2364 726 2410 sibi
766 2365 1054 2418 misceantur3
1091 2365 1166 2410 etsi
1200 2383 1271 2411 eos
1307 2368 1434 2429 pravi

58 2448 195 2476 mores
213 2432 268 2477 ad
293 2434 420 2479 talem
441 2436 725 2480 concubitum
745 2434 995 2498 impellunt,
1016 2435 1184 2497 nuptiae
1212 2447 1354 2482 tamen
1377 2438 1433 2482 ab

61 2500 272 2547 adulterio
298 2519 371 2548 seu
387 2503 673 2551 fornicatione
697 2505 950 2551 defendunt.
998 2505 1147 2566 Neque
1179 2506 1294 2550 enim
1323 2506 1435 2552 illud

62 2582 244 2635 propter
262 2572 438 2636 nuptias
458 2572 720 2633 admittitur,
746 2574 820 2622 sed
845 2584 1026 2638 propter
1049 2574 1227 2635 nuptias
1244 2574 1432 2634 ignosci-
