1758 3246
224 330 315 377 550
642 349 677 379 s.
721 346 962 378 Auons'rmi
996 348 1197 380 Emscom

220 412 384 475 portari
424 412 573 459 venale
613 413 894 473 Evangelium
913 450 924 469 ‚
961 430 1050 459 non
1080 414 1263 478 culpans
1296 417 1587 480 ‹zo-apostolos

223 499 344 538 suOS,
370 482 441 527 sed
465 483 730 545 distinguens
763 484 1045 530 ministerium
1071 502 1198 531 suum
1222 504 1233 531 ι
1257 487 1360 550 quia
1386 487 1447 533 ita
1477 488 1588 534 inter

221 569 263 603 se
277 551 602 610 distribuerant,
626 554 781 618 procul
800 554 936 600 dubio
960 554 1214 601 admonente.
1232 557 1400 620 Spiritu
1419 568 1584 614 sancto,

222 622 541 683 evangelizandi
565 625 810 689 provincias
828 663 839 682 ‚
865 637 914 671 ut
936 626 1096 672 Paulus
1118 637 1160 672 et
1178 628 1398 674 Barnabas
1422 629 1476 675 ad
1490 646 1589 690 gen-

222 703 283 738 tes
306 693 470 751 irent1‚
504 695 566 741 illi
599 707 744 741 autem
780 697 826 742 in
862 696 1277 746 circumcisionem2.
1315 704 1411 746 Hoc
1446 711 1590 747 tamen

223 781 321 810 eum
338 766 596 829 praecepisse
625 766 675 812 iis
701 767 780 830 qui
810 785 895 812 non
915 767 1141 814 habebant
1164 770 1373 828 ejusmodi
1396 781 1590 834 potesta-

226 845 309 880 tem
328 872 339 892 ‚
367 852 413 880 ea
432 852 533 900 quae
554 840 645 896 jam
670 837 806 883 multa
831 837 948 883 dicta
972 850 1071 884 sunt
1102 838 1389 887 manifestant.
1413 842 1488 887 Isti
1509 859 1590 887 au-

227 915 310 950 tem
323 905 471 951 fratres
485 907 620 952 nostri
637 918 792 953 temere
811 908 895 953 sibi
911 920 1130 968 arrogant,
1150 920 1363 972 quantum
1379 910 1586 968 existimo,

225 975 343 1038 quod
359 977 570 1037 ejusmodi
592 978 784 1023 habeant
810 989 1079 1041 potestatem.
1118 979 1163 1025 Si
1184 980 1299 1025 enim
1322 980 1593 1041 evangelistae

226 1056 347 1100 sunt,
372 1046 534 1104 fateor,
561 1047 727 1094 habent
749 1066 759 1094 t
799 1049 833 1094 si
855 1049 1041 1096 ministri
1071 1049 1214 1096 altaris
1233 1087 1244 1107 ,
1282 1050 1595 1114 dispensatores

228 1129 594 1165 sacramentorum
609 1157 619 1175 ,
643 1120 753 1166 bene
775 1120 856 1166 sibi
871 1120 997 1166 istam
1015 1137 1104 1167 non
1122 1132 1322 1181 arrogant
1336 1159 1348 1178 ‚
1375 1122 1448 1168 sed
1466 1122 1596 1186 plane

228 1187 452 1234 vindicant
477 1200 748 1253 potestatem.

295 1260 430 1306 XXV.
474 1261 520 1305 Si
539 1261 687 1306 saltem
706 1260 930 1306 habebant
953 1261 1118 1324 aliquid
1135 1262 1181 1308 in
1200 1262 1286 1308 hoc
1302 1264 1460 1309 saeculo
1477 1301 1489 1321 ,
1511 1279 1598 1328 quo

228 1328 354 1375 facile
377 1330 465 1375 sine
488 1331 666 1394 opificio
689 1342 974 1377 sustentarent
1007 1332 1131 1377 istam
1153 1333 1287 1379 vitam
1304 1369 1314 1389 ‚
1351 1333 1471 1397 quod
1492 1351 1598 1380 con-

228 1401 338 1446 versi
363 1401 418 1446 ad
451 1402 588 1446 Deum
612 1402 908 1461 indigentibus
931 1402 1148 1465 dispertiti
1171 1415 1292 1459 sunt,
1316 1415 1359 1448 et
1382 1405 1599 1452 credenda

229 1481 291 1517 est
313 1488 461 1516 eorum
483 1472 712 1517 infirmitas
743 1483 785 1517 et
814 1473 1003 1519 ferenda.
1035 1473 1184 1518 Solent
1207 1474 1322 1519 enim
1347 1475 1452 1520 tales
1473 1513 1485 1532 ,
1511 1493 1601 1522 non

230 1540 381 1586 melius
399 1578 409 1597 ,
437 1542 549 1587 sieut
584 1543 712 1588 multi
746 1553 932 1605 putant,
960 1542 1032 1588 sed
1055 1543 1176 1606 quod
1209 1554 1271 1589 est
1297 1561 1446 1591 verum
1463 1583 1475 1603 ,
1500 1546 1601 1593 lan-

229 1611 402 1672 guidius
417 1611 589 1657 educati
609 1650 620 1668 ‚
649 1613 845 1658 laborem
870 1630 1053 1676 operum
1077 1614 1371 1677 corporalium
1395 1617 1602 1663 sustinere

229 1701 316 1729 non
352 1700 488 1746 posse.
539 1683 663 1729 Tales
701 1681 876 1729 fortasse
912 1683 1038 1730 multi
1076 1695 1198 1730 erant
1243 1685 1290 1730 in
1311 1686 1595 1750 Jerosolyma.

234 1754 343 1799 Nam
364 1765 405 1799 et
428 1754 638 1818 seriptum
663 1765 723 1802 ,est
741 1792 751 1809 ‚
779 1754 899 1818 quod
928 1754 1097 1818 praedia
1125 1772 1203 1800 sua
1231 1756 1536 1814 vendiderint,
1562 1769 1604 1804 et

231 1824 370 1887 pretia
388 1842 535 1870 eorum
557 1836 654 1870 ante
681 1825 810 1889 pedes
841 1824 1148 1888 Apostolorum
1168 1827 1413 1889 posuerint,
1439 1839 1489 1874 ut
1511 1829 1603 1875 dis-

234 1896 494 1941 tribueretur
514 1897 750 1960 unicuique
774 1896 886 1941 sicut
911 1912 1021 1959 opus
1045 1895 1179 1943 eratss.
1213 1897 1328 1953 Quia
1362 1915 1500 1962 prope
1531 1899 1604 1945 in—

231 1967 348 2012 x‘enti
366 1978 467 2013 sunt
483 2005 494 2023 ‚
517 1978 558 2013 et
583 1968 707 2013 utiles
725 1967 902 2014 fuerunt
929 1967 1130 2027 gentibus
1151 2005 1161 2024 ‚
1189 1985 1291 2031 quae
1311 1968 1364 2014 ab
1387 1969 1605 2016 idolorum

234 2037 356 2083 cultu
390 2055 437 2083 ex
467 2038 1017 2102 longinquovocabantur
1036 2075 1047 2094 ‚
1072 2038 1312 2085 secundum
1335 2039 1447 2085 illud
1486 2041 1606 2104 quod

235 2108 402 2154 dictum
421 2119 482 2154 est
506 2127 516 2154 x
544 2131 565 2151 (ι
584 2111 643 2154 Ex
664 2109 768 2155 Sion
786 2108 960 2172 prodiet
976 2109 1041 2155 lex
1055 2146 1066 2165 ,
1091 2120 1132 2154 et
1155 2109 1340 2156 Verbum
1361 2111 1534 2158 Domini
1559 2128 1606 2157 ex

235 2200 256 2222 >)
274 2179 537 2225 Jerusalem4
583 2197 594 2225 ε
632 2202 653 2222 »
694 2179 911 2225 debitores
954 2196 1105 2225 eorum
1144 2180 1251 2227 dixit
1288 2181 1520 2244 Apostolus
1559 2199 1608 2227 ex

238 2250 437 2310 gentibus
487 2250 757 2296 Christianos
807 2269 817 2296 z
871 2272 890 2291 «
935 2250 1162 2296 Debitores
1206 2268 1355 2297 eorum
1373 2289 1384 2308 ‚
1431 2252 1572 2316 inquit
1592 2290 1603 2308 ‚

236 2342 257 2363 »
280 2332 380 2366 sunt
401 2339 410 2366 :
433 2343 452 2363 ›>
470 2331 511 2367 et
527 2320 697 2367 addidit
715 2339 848 2385 quare
867 2339 878 2366 ε
907 2342 927 2362 «
950 2322 994 2366 Si
1015 2322 1127 2367 enim
1148 2321 1416 2385 spiritalibus
1437 2339 1604 2380 eorum,

236 2416 257 2437 ³>
274 2394 415 2457 inquit
431 2432 441 2451 ‚
467 2395 898 2440 communicaverunt
921 2405 1065 2454 gentes
1083 2432 1094 2452 ,
1122 2394 1286 2441 debent
1313 2407 1353 2441 et
1381 2397 1426 2441 in
1451 2413 1608 2442 carna—

237 2487 256 2507 »
277 2465 392 2510 libus
413 2465 653 2511 ministrare
671 2465 772 2512 eis5.
796 2487 816 2507 »
845 2467 972 2511 Nune
990 2477 1132 2511 autem
1153 2467 1333 2512 veniunt
1350 2466 1608 2529 plerumque

239 2534 293 2580 ad
334 2534 449 2581 hane
485 2534 790 2599 professionem
829 2536 1064 2581 servirtutis
1096 2536 1175 2582 Dei
1208 2546 1251 2581 et
1281 2553 1329 2582 ex
1359 2536 1609 2583 conditione

284 2625 470 2660 ¹Act.x111,
488 2636 517 2656 2.
532 2643 572 2649 —-
591 2623 606 2645 ⁴2
626 2626 779 2664 Ga1a1.11‚
801 2638 832 2667 9.
854 2643 892 2649 -
913 2621 928 2646 3
942 2628 1013 2656 Act.
1031 2635 1069 2666 11,
1093 2625 1148 2664 45,
1162 2629 1190 2656 et
1207 2635 1250 2667 w,
1269 2625 1322 2662 34.
1336 2640 1376 2648 —
1398 2621 1412 2647 ⁴
1430 2624 1502 2658 Isai'.
1520 2636 1555 2664 11,
1573 2625 1606 2656 3.

242 2696 283 2702 -——
301 2676 316 2700 5
332 2681 425 2710 Rom.
445 2689 497 2717 xv,
512 2689 565 2717 27.
