1758 3246
267 330 321 360 DE
357 329 471 360 cunA
508 327 714 360 enimam
749 329 833 359 pao
870 327 1083 369 nonrms,
1120 328 1207 358 Lm.
1250 328 1282 358 1.
1389 312 1483 360 613

113 395 428 442 dormientibus
446 431 456 450 ,
484 393 590 439 dum
615 411 656 440 se
678 393 758 457 ipsi
790 393 983 439 nesciant
1006 410 1237 456 apparere;
1274 404 1316 439 et
1341 393 1395 439 ab
1420 393 1479 439 eis

114 467 210 511 haec
233 482 333 528 quae
351 464 661 509 somniaverint
683 501 693 516 ‚
719 463 904 508 audiunt
926 462 1190 518 dicentibus,
1209 463 1327 525 quod
1352 463 1486 508 cosin

114 535 273 581 somnis
303 544 471 594 agentes
504 533 668 597 aliquid
699 533 767 579 vel
790 533 1013 596 loquentes
1047 533 1254 579 viderint.
1304 533 1350 578 Si
1387 549 1487 593 ergo

113 625 182 653 me
215 617 356 670 potest
387 606 541 670 aliquis
570 607 614 651 in
641 606 799 652 somnis
830 605 999 662 videre,
1037 605 1121 650 sibi
1159 605 1324 669 aliquid
1365 605 1486 669 quod

112 678 276 724 factum
297 688 358 722 est
379 677 643 722 indicantem
666 713 676 732 ,
704 676 772 723 vel
792 676 920 721 etiam
941 674 1059 740 quod
1079 674 1276 720 futurum
1297 685 1359 720 est
1376 691 1489 737 prae-

113 748 384 793 nuntiantem
402 767 412 801 ;
440 765 541 793 cum
558 747 602 792 id
621 764 697 806 ego
716 763 891 808 prorsus
906 746 1098 805 ignorem
1116 782 1126 800 ,
1145 755 1187 789 et
1203 744 1380 790 omnino
1400 761 1491 790 non

114 834 279 874 curem,
303 835 390 864 non
409 818 547 864 solum
565 817 672 882 quid
695 816 766 862 ille
782 817 983 872 somniet,
999 815 1070 862 sed
1085 826 1230 861 utrum
1250 815 1491 861 dormiente

113 905 180 933 me
204 889 373 948 vigilet,
399 907 452 934 an
478 889 681 949 vigilante
707 905 774 933 me
799 887 988 933 dormiat
1010 924 1021 942 ,
1051 905 1103 932 au
1133 903 1220 932 uno
1252 885 1491 948 eodemque

113 968 307 1021 tempore
342 959 568 1019 vigilemus
602 958 730 1004 ambo
771 958 856 1003 sive
890 957 1158 1002 dormiamus
1180 993 1190 1011 ,
1219 955 1398 1020 quando
1420 955 1492 1001 ille

113 1029 330 1074 somnium
350 1029 469 1075 videt
492 1030 536 1074 in
558 1046 646 1093 quo
664 1046 731 1074 me
751 1027 868 1073 videt
897 1045 907 1072 :
936 1027 1043 1090 quid
1068 1028 1224 1073 mirum
1246 1027 1279 1072 si
1300 1026 1492 1071 nescien-

113 1108 174 1143 tes
198 1100 359 1145 mortui
389 1117 467 1145 nee
492 1100 571 1145 ista
596 1099 839 1153 sentientes,
864 1109 1005 1144 tamen
1026 1116 1049 1143 a
1069 1097 1315 1144 viventibus
1333 1096 1492 1142 viden-

117 1179 184 1214 tur
206 1170 251 1214 in
275 1171 451 1226 somnis,
479 1181 520 1215 et
547 1169 710 1233 aliquid
727 1169 903 1224 dicunt,
928 1168 1049 1231 quod
1067 1168 1318 1227 evigilantes
1338 1183 1490 1212 verum

113 1255 198 1283 esse
220 1243 514 1298 cognoscant?
541 1239 753 1297 Angelieis
777 1238 910 1297 igitur
930 1238 1258 1300 operationibus
1283 1237 1374 1281 fieri
1394 1253 1493 1281 cre-

113 1308 298 1353 diderim
316 1346 327 1364 ,
347 1309 435 1354 sive
458 1309 737 1371 permittatur
756 1308 959 1370 desuper,
988 1308 1073 1353 sive
1091 1308 1316 1367 jubeatur,
1341 1316 1390 1351 ut
1411 1305 1493 1351 ali-

113 1378 221 1440 quid
254 1377 396 1423 dicere
428 1378 481 1423 de
506 1377 758 1441 sepeliendis
785 1378 1046 1441 corporibus
1078 1378 1163 1422 suis
1193 1376 1424 1422 videantur
1447 1375 1493 1421 in

114 1449 300 1504 somnis,
327 1465 427 1494 cum
453 1449 498 1494 id
522 1449 694 1512 penitus
712 1448 906 1494 nesciant
927 1465 1116 1511 quorum
1147 1447 1220 1493 illa
1260 1457 1361 1491 sunt
1392 1462 1495 1491 cor-

114 1536 237 1582 pora.
270 1519 321 1564 ld
347 1530 490 1565 autem
517 1519 752 1582 aliquando
775 1519 936 1564 utiliter
965 1520 1040 1573 fit,
1083 1518 1170 1564 sive
1201 1516 1256 1562 ad
1294 1516 1496 1562 vivorum

113 1589 431 1652 qualecumque
454 1589 655 1635 solatium
673 1626 683 1645 ,
724 1588 778 1634 ad
815 1606 925 1652 quos
952 1588 1173 1652 pertinent
1197 1587 1259 1633 illi
1293 1586 1454 1631 mortui
1478 1623 1489 1641 ,

115 1675 300 1721 quorum
326 1669 538 1722 apparent
555 1658 762 1719 imagines
780 1658 1098 1704 somniantibus
1116 1677 1127 1711 3
1153 1658 1240 1703 sive
1261 1665 1308 1702 ut
1331 1654 1401 1700 his
1419 1655 1493 1700 ad-

114 1729 426 1775 monitionibus
453 1730 595 1789 generi
640 1729 834 1774 humano
878 1728 1113 1791 sepulturae
1159 1724 1492 1773 commendetur

114 1800 362 1845 humanitas
383 1818 393 1845 :
412 1817 512 1863 quaa
529 1800 629 1845 licet
647 1798 863 1844 defunctis
881 1816 967 1844 nou
987 1798 1246 1862 opituletur,
1268 1795 1491 1859 culpanda

114 1881 258 1917 tamen
281 1871 593 1931 irreligiositate
611 1870 854 1930 negligitur.
883 1869 1133 1932 Aliquando
1157 1879 1298 1914 autem
1320 1866 1494 1913 fallaci-

114 1942 198 1987 bus
228 1942 327 1987 visis
365 1941 562 1987 homines
597 1941 644 1986 in
673 1957 850 1999 magnos
880 1941 1116 1986 mittuntur
1151 1956 1314 1986 errores
1333 1975 1344 1995 ,
1385 1954 1496 2001 quos

115 2011 216 2056 talia
237 2011 407 2074 perpeti
424 2015 592 2071 justum
607 2021 680 2056 est
693 2010 820 2056 Velut
838 2009 872 2056 si
894 2011 1125 2074 quisquam
1145 2010 1289 2057 videat
1306 2008 1352 2054 in
1372 2025 1493 2053 som-

114 2082 204 2138 nis,
233 2082 353 2145 quod
377 2084 524 2127 AEneas
548 2081 704 2127 vidisse
740 2081 858 2144 apud
894 2080 1053 2126 inferos
1092 2080 1272 2144 poetica
1310 2077 1497 2123 falsitate

114 2153 344 2200 narratur1
375 2171 386 2198 ε
415 2164 457 2199 et
476 2154 512 2198 ei
538 2153 781 2215 cujuspiam
802 2170 890 2198 non
922 2152 1079 2215 sepulti
1105 2160 1314 2217 appareat
1329 2150 1492 2209 imago,

113 2224 404 2288 loquaturque
428 2224 530 2269 talia
549 2260 559 2278 ,
587 2222 734 2286 qualia
757 2221 894 2268 fertur
925 2223 989 2268 illi
1019 2223 1195 2269 locutus
1218 2220 1348 2267 fuisse
1371 2219 1495 2264 Pali-

114 2312 273 2349 nurus;
301 2305 342 2340 et
360 2311 460 2340 cum
479 2292 771 2353 evigilaverit,
794 2292 859 2337 ibi
880 2309 1040 2355 corpus
1063 2296 1154 2351 ejus
1172 2289 1364 2337 inveniat
1378 2324 1390 2344 ,
1417 2288 1498 2333 ubi

109 2369 251 2425 jacere
266 2365 547 2410 inhumatum
566 2379 666 2408 eum
686 2362 920 2409 somniaret
948 2361 1115 2408 audivit
1134 2397 1145 2416 ,
1182 2358 1432 2406 admonitus
1452 2367 1495 2402 et

114 2446 288 2496 rogatus
309 2446 358 2481 ut
379 2434 577 2498 sepeliret
596 2434 821 2479 inventum
838 2453 849 2486 3
872 2444 914 2478 et
931 2432 1033 2495 quia
1048 2430 1093 2476 id
1112 2447 1265 2477 verum
1279 2445 1364 2474 esse
1377 2444 1496 2473 coln-

115 2506 252 2569 perit,
278 2505 427 2551 credat
451 2503 548 2548 ideo
573 2513 763 2548 mortuos
787 2502 983 2566 sepeliri,
1012 2511 1061 2546 ut
1085 2517 1236 2545 eorum
1260 2497 1416 2544 animae
1437 2497 1494 2543 ad

114 2576 210 2621 loca
235 2584 470 2630 transeant,
492 2572 606 2619 unde
632 2572 952 2636 insepultorum
970 2571 1134 2618 animas
1152 2568 1318 2615 inferna
1341 2567 1492 2631 prohi-

169 2659 180 2683 ¹
196 2658 308 2702 Virgil.
324 2657 448 2693 AEueid.
472 2668 517 2689 vt.
