1758 3246
67 326 367 360 ENCHIRIDION
404 326 458 356 DE
493 323 612 366 FIDE,
644 324 718 355 SPE
753 325 806 354 ΕΤ
842 324 1108 367 CHARITATE,
1135 328 1221 358 LIB.
1263 328 1295 360 1.
1344 326 1421 357 111

68 397 182 441 Cum
211 394 302 440 istis
322 408 423 439 vero
453 401 599 437 utrum
633 389 752 453 loqui
775 389 1010 435 debeamus
1035 390 1208 449 ignoro,
1235 393 1329 456 qui,
1353 409 1441 438 non

67 466 258 511 victuros
270 464 313 508 in
338 472 567 516 aeternum,
595 460 728 505 sedin
744 460 974 523 praesentia
993 476 1035 504 se
1052 460 1194 506 vivere
1215 462 1438 508 nesciunt:

67 535 156 580 imo
175 533 336 578 nescire
356 548 397 577 se
422 531 593 586 dicunt,
622 530 742 593 quod
770 530 933 575 nescire
959 546 1048 574 non
1070 541 1267 593 possunt.
1298 531 1448 594 Neque

68 604 184 650 enim
212 603 442 665 quisquam
467 601 622 646 sinitur
644 600 807 646 nescire
825 617 866 645 se
888 600 1032 646 vivere
1054 617 1064 644 :
1091 599 1449 663 quandoquidem

71 674 105 720 si
121 689 209 718 non
224 672 350 727 vivit,
379 689 464 717 non
483 681 625 734 potest
644 670 811 734 aliquid
833 670 901 716 vel
918 670 1080 716 nescire
1099 690 1110 724 ;
1134 670 1341 733 quoniam
1359 687 1445 715 non

71 743 209 790 solum
235 743 359 794 scire,
382 741 664 788 verumetiam
689 741 853 786 nescire
875 740 1060 787 viventis
1082 750 1156 786 est.
1184 738 1269 785 Sed
1293 738 1451 785 videli-

72 823 141 859 cet
165 829 252 857 non
289 811 557 857 assentiendo
581 810 701 874 quod
734 810 886 856 vivant
903 847 914 866 ‚
954 826 1104 856 cavere
1132 808 1217 855 sibi
1247 808 1453 855 videntur

72 897 260 927 errorem
284 899 295 926 ι
321 898 420 927 curn
439 882 568 927 etiam
591 880 777 926 errando
799 881 1117 927 convincantur
1143 879 1311 933 vivere3
1339 896 1456 942 quo-

75 954 193 997 niam
216 969 304 997 non
324 962 467 1015 potest
484 951 561 1014 qui
585 968 673 997 non
699 952 807 997 vivit
836 968 991 997 errare.
1024 950 1148 996 Sicut
1172 966 1273 1010 ergo
1295 966 1374 995 nos
1397 949 1459 996 Vi-

77 1039 172 1068 vere
196 1038 285 1066 non
307 1021 446 1067 solum
472 1038 642 1077 verum,
665 1021 739 1066 sed
760 1021 891 1066 etiam
914 1031 1082 1066 certum
1105 1029 1186 1076 est,
1209 1019 1271 1065 ita
1292 1035 1394 1066 vera
1418 1029 1461 1063 et

77 1101 193 1138 certa
216 1102 316 1136 sunt
333 1091 488 1147 multa,
514 1091 677 1153 quibus
694 1108 782 1136 non
803 1091 1012 1147 assentiri,
1037 1090 1150 1136 absit
1169 1100 1219 1136 ut
1248 1090 1460 1154 sapientia

78 1162 224 1225 potius
249 1177 385 1224 quam
409 1161 626 1206 dementia
653 1160 923 1206 nominanda
948 1162 1017 1207 sit.
1051 1162 1103 1205 In
1128 1160 1290 1223 quibus
1317 1170 1461 1204 autem

79 1232 208 1278 rebus
233 1231 346 1276 nihil
362 1231 536 1276 interest
560 1230 616 1276 ad
635 1229 949 1293 capessendum
969 1230 1048 1275 Dei
1071 1246 1277 1289 regnum,
1311 1239 1459 1275 utrum

81 1301 331 1357 credantur,
355 1318 498 1346 annon
516 1321 528 1355 ;
547 1300 615 1346 vel
633 1311 783 1346 utrum
800 1318 899 1347 vera
927 1301 1014 1346 sive
1033 1301 1119 1346 sint
1137 1301 1224 1346 sive
1237 1310 1468 1363 putentur,

81 1389 137 1418 an
153 1371 283 1424 falsa3
308 1371 354 1416 in
376 1371 446 1416 his
471 1387 630 1427 errare,
652 1370 697 1416 id
717 1382 795 1427 est,
828 1370 948 1417 aliud
965 1387 1048 1434 pro
1073 1370 1156 1416 alio
1178 1381 1349 1433 putare,
1375 1387 1464 1416 non

84 1441 388 1488 arbitrandum
406 1452 469 1487 est
486 1459 573 1487 esse
594 1452 824 1505 peccatum
844 1462 855 1495 3
881 1452 956 1487 aut
975 1442 1009 1487 si
1027 1452 1105 1498 est,
1127 1441 1358 1486 minimum
1381 1458 1467 1486 esse

83 1522 214 1575 :atque
235 1511 515 1559 levissimum.
548 1514 770 1558 Postremo
790 1512 1108 1575 qualecumque
1130 1510 1242 1556 illud
1263 1522 1305 1557 et
1323 1529 1468 1574 quan-

84 1593 369 1645 tumcumque
390 1582 461 1638 sit,
492 1582 545 1627 ad
573 1582 689 1627 illam
711 1579 828 1629 viam
849 1599 938 1627 non
956 1582 1163 1645 pertinet,
1179 1598 1265 1644 qua
1282 1583 1394 1627 imus
1415 1582 1471 1626 ad

88 1652 227 1697 Deum
258 1668 269 1695 t
298 1667 397 1713 quae
423 1651 493 1696 via
522 1651 627 1696 fides
649 1662 712 1697 est
735 1651 930 1707 Christi,
959 1668 1061 1714 quae
1089 1668 1168 1714 per
1190 1650 1467 1696 dilectionem

89 1720 335 1784 operatur1.
372 1722 520 1783 Neque
546 1722 662 1766 enim
696 1721 750 1766 ab
775 1721 860 1766 hac
885 1722 955 1766 via
977 1720 1183 1767 deviabat
1212 1721 1258 1766 in
1292 1721 1471 1780 geminis

89 1790 188 1837 filiis
213 1800 358 1849 gratus
389 1789 461 1834 ille
485 1791 739 1852 parentibus
762 1807 880 1836 error
901 1808 911 1835 ε
936 1800 1011 1836 aut
1043 1791 1098 1835 ab
1119 1790 1206 1836 hac
1225 1791 1294 1836 via
1319 1790 1471 1836 devia-

93 1862 172 1906 bat
195 1858 413 1922 apostolus
455 1860 656 1916 Petrus2,
694 1860 872 1923 quando
908 1877 949 1906 se
973 1861 1217 1906 existimans
1238 1861 1380 1906 visum
1404 1861 1474 1906 vi—

96 1931 212 1985 dere,
241 1929 359 1975 aliud
388 1946 470 1992 pro
494 1929 577 1975 alio
610 1931 670 1976 sic
695 1931 883 1994 putabat
898 1968 910 1990 ,
939 1942 988 1976 ut
1011 1949 1033 1976 a
1056 1948 1291 1994 corporum
1314 1932 1473 1990 imagi-

96 2001 243 2055 nibus,
281 1999 328 2044 in
353 1999 516 2062 quibus
542 2017 583 2045 se
618 2017 705 2045 esse
743 2001 1067 2057 arbitrabatur,
1099 2018 1200 2046 vera
1235 2002 1281 2046 in
1315 2002 1476 2064 quibus

95 2082 187 2116 erat
207 2087 390 2133 corpora
408 2087 496 2115 non
527 2071 813 2132 dignosceret,
847 2072 928 2117 nisi
950 2089 1052 2118 cum
1075 2072 1131 2118 ab
1159 2072 1233 2117 illo
1271 2073 1474 2132 Angelus,

98 2158 176 2204 per
193 2157 323 2203 quem
347 2139 488 2185 fuerat
510 2141 737 2197 liberatus,
764 2141 968 2187 abscessit
990 2160 999 2186 :
1026 2152 1101 2187 aut
1127 2142 1182 2187 ab
1202 2142 1286 2187 hac
1302 2143 1371 2188 via
1398 2143 1478 2188 de-

98 2211 248 2257 viabat
261 2210 402 2254 Jacob
422 2211 691 2273 patriarcha,
723 2211 898 2274 quando
925 2212 1141 2258 viventem
1169 2212 1309 2259 filium
1327 2231 1351 2258 a
1377 2213 1480 2258 bes-

103 2283 161 2326 tia
178 2280 383 2326 credebat
403 2281 597 2327 occisum
611 2282 643 2328 3.
684 2283 735 2327 In
761 2282 831 2327 his
852 2293 981 2345 atque
1003 2282 1261 2342 hujusmodi
1279 2283 1482 2329 falsitati-

101 2352 202 2407 bus,
230 2350 345 2396 salva
372 2350 475 2405 fide,
501 2368 601 2414 quae
630 2351 677 2396 in
706 2352 849 2396 Deum
872 2352 1003 2397 nobis
1025 2364 1105 2409 est,
1126 2352 1333 2407 fallimur,
1355 2364 1396 2398 et
1413 2355 1482 2399 via

103 2440 190 2469 non
217 2421 365 2467 relicta
399 2439 497 2485 quae
533 2422 587 2468 ad
612 2422 738 2468 illum
767 2422 916 2480 ducit,
950 2440 1142 2470 erramus
1173 2442 1182 2468 :
1212 2425 1289 2487 qui
1321 2441 1483 2470 errores

103 2493 270 2539 etiarnsi
293 2503 475 2555 peccata
499 2510 586 2538 non
608 2504 726 2550 sunt,
750 2504 894 2540 tamen
911 2494 958 2539 in
980 2493 1104 2539 malis
1124 2495 1257 2553 hujus
1279 2495 1380 2540 vitae
1405 2495 1485 2541 de-

106 2562 292 2630 putandi
308 2573 426 2621 sunt,
450 2580 552 2628 quae
572 2564 633 2610 ita
649 2564 845 2625 subJ'ecta
861 2575 925 2610 est
940 2565 1141 2621 vanitati,
1161 2574 1210 2611 ut
1232 2566 1486 2629 approben-

154 2649 166 2673 1
188 2648 296 2682 Gatat.
314 2658 344 2687 v,
362 2648 393 2681 6.
408 2666 450 2672 —-
464 2646 481 2671 2
500 2651 572 2681 Act.
586 2659 647 2689 ιιι,
664 2660 750 2690 9.-
766 2646 781 2672 3
799 2651 881 2681 Gen.
898 2659 1023 2689 xxxvn,
1042 2650 1095 2681 33.
