1758 3246
411 301 463 330 DE
500 300 638 330 ornan
673 298 1001 339 iiouaeiioat‘ii,
1042 301 1125 330 tia.
1173 302 1196 330 ι.
1403 289 1495 337 565

135 365 179 411 in
197 383 271 429 51)6
297 365 584 426 gaudentibus
603 370 757 425 jugum
791 365 883 426 ejus
914 364 1006 409 lene
1029 376 1090 409 est
1113 376 1154 411 et
1173 366 1340 413 sarcina
1357 368 1462 416 levis
1479 408 1490 427 ,

84 438 305 500 quinos
343 438 513 484 vaocuit
539 436 591 481 ad
615 436 828 499 requiem,
858 436 932 499 qui
955 435 1077 498 p1i01·
1108 437 1333 484 transitum
1355 438 1479 486 fecit·
1470 461 1497 487 ‘t

133 525 243 554 conv
233 508 327 554 alle
344 508 622 586 plorationis,
643 508 720 553 ubi
743 523 819 552 nec
850 506 940 583 ipsc
983 506 1070 550 sine
1096 524 1190 569 prsc
1195 508 1300 553 suris
1321 509 1417 557 fuit.
1451 512 1495 556 Si

130 578 306 634 fratres,
328 579 360 624 si
395 577 473 625 filii
511 579 646 624 nostri
671 578 792 634 estis,
843 577 876 622 si
906 577 1124 634 conselxi,
1167 576 1233 622 vel
1270 580 1416 641 potius
1450 582 1496 626 in

131 648 307 694 Christo
330 650 438 696 servi
475 667 545 695 ves
549 650 603 695 tri
640 666 814 703 sumus3
842 647 988 694 audite
1008 664 1106 711 quae
1144 665 1392 707 monemus,
1417 669 1495 712 ag-

128 719 289 764 noscite
326 736 424 783 quae
448 720 760 784 praecipimus,
793 718 947 764 sumite
981 734 1080 781 quae
1107 687 1415 781 dispensamus.
1449 722 1494 767 Si

127 800 269 836 autem
290 790 502 837 Pharisaei
533 808 676 837 sumus
704 791 923 851 alligantes
947 806 1075 835 onera
1106 790 1251 850 gravia
1275 802 1318 836 et
1343 791 1491 856 impo-

126 871 271 906 nentes
287 860 480 907 humeris
498 862 647 908 vestris
660 861 675 890 1
695 882 706 915 ;
729 878 828 924 quae
842 860 1027 906 dicimus
1042 859 1188 916 facite,
1209 860 1371 907 etiamsi
1393 879 1493 926 quae

123 929 305 977 facimus
327 932 598 995 improbatis,
632 933 770 978 Nobis
797 943 937 977 autem
958 931 1187 977 minimum
1205 942 1266 977 est
1292 942 1339 977 ut
1365 951 1388 978 a
1412 951 1494 979 vo-

121 1001 190 1046 bis
212 1001 534 1062 dijudicemur,
578 1013 651 1048 aut
689 1004 744 1049 ab
767 1004 961 1049 humano
980 1001 1050 1048 die
1065 1003 1097 1049 2.
1128 1004 1268 1059 Quam
1294 1020 1494 1063 germana

122 1071 334 1119 charitate
364 1074 416 1119 sit
439 1075 564 1120 nobis
581 1092 684 1120 cura
708 1074 760 1119 de
777 1074 923 1129 vobis,
953 1073 1021 1118 ille
1047 1073 1250 1137 inspiciat
1267 1075 1343 1137 qui
1369 1074 1491 1122 dedit

121 1142 237 1205 quod
261 1143 582 1207 inspiciendum
605 1149 694 1206 ejus
715 1144 851 1190 oculis
873 1145 1112 1191 offeramus
1148 1145 1349 1190 Postemo
1369 1147 1489 1209 quod

120 1213 248 1259 vultis
271 1216 419 1260 sentite
439 1215 492 1260 de
513 1216 638 1261 nobis
655 1215 696 1261 3:
720 1214 881 1260 Paulus
902 1214 1121 1277 apostolus
1144 1213 1267 1259 vobis
1285 1216 1490 1279 praecipit

118 1293 159 1328 et
184 1283 381 1330 obsecrat
403 1286 447 1330 in
474 1287 662 1331 Domino
678 1323 689 1341 ,
718 1296 764 1330 ut
785 1302 884 1331 cum
909 1285 1092 1340 silentio,
1123 1284 1167 1329 id
1185 1294 1261 1342 est,
1288 1285 1423 1348 quieti
1442 1297 1484 1331 et

117 1353 368 1400 obedienter
392 1356 579 1402 ordinati
608 1367 831 1420 operantes
856 1366 1044 1400 vestrum
1064 1372 1222 1418 panem
1246 1354 1489 1402 manduce-

118 1424 183 1471 tis.
212 1426 299 1471 Nec
332 1427 384 1472 de
410 1427 506 1474 illo.
535 1439 582 1473 ut
609 1427 814 1484 arbitror,
849 1426 1014 1490 aliquid
1032 1425 1135 1472 mali
1177 1425 1350 1473 creditis
1372 1437 1414 1472 et
1440 1427 1486 1474 in

114 1494 240 1541 illum
266 1498 340 1561 qui
354 1516 431 1561 per
455 1516 552 1545 eum
576 1499 772 1562 loquitur
794 1497 1048 1544 credidistis.

177 1570 426 1617 XXXVIII.
459 1572 584 1627 Haec,
610 1572 669 1617 mi
686 1571 933 1617 charissime
953 1581 994 1615 et
1014 1571 1061 1616 in
1073 1569 1238 1615 Christi
1249 1568 1488 1616 visceribus

114 1641 352 1686 venerande
382 1641 511 1688 frater
532 1641 705 1698 Aureli,
738 1652 951 1705 quantum
989 1640 1169 1687 donavit
1204 1650 1254 1686 ut
1288 1657 1482 1705 possem,

113 1711 185 1774 qui
205 1729 284 1774 per
307 1722 348 1757 te
375 1711 481 1757 mihi
492 1713 619 1772 jussit
644 1723 691 1758 ut
708 1712 889 1758 facerem
908 1750 918 1768 ,
944 1712 996 1757 de
1011 1729 1141 1775 opere
1166 1711 1484 1758 monachorum

110 1798 197 1827 non
220 1781 368 1828 distuli
383 1782 569 1828 scribere
586 1820 597 1838 ‚
623 1783 669 1828 id
707 1784 886 1828 maxime
910 1799 1066 1828 curans
1082 1819 1094 1838 ,
1123 1800 1175 1827 ne
1205 1782 1314 1827 boni
1329 1781 1481 1828 fratres

111 1852 356 1916 apostolicis
383 1853 614 1917 praeceptis
637 1853 883 1899 obedientes
911 1871 933 1898 a
955 1853 1089 1916 pigris
1121 1863 1161 1897 et
1189 1852 1485 1898 inobedienti-

108 1921 193 1968 bus
218 1923 347 1968 etiam
376 1925 729 1987 praevaricatores
776 1923 992 1983 Evangelii
1031 1924 1307 1970 dicerentur:
1335 1934 1387 1969 ut
1408 1924 1483 1987 qui

109 2010 194 2038 non
223 2005 480 2057 operantur,
508 1994 658 2040 saltem
679 1994 772 2040 illos
809 1995 885 2058 qui
908 2006 1148 2058 oporantur
1180 1994 1261 2040 sibi
1296 2004 1485 2058 antepo-

108 2065 270 2111 nendos
295 2083 382 2112 esse
401 2084 487 2112 non
520 2066 737 2112 dubitent.
769 2066 987 2112 Caeterum
1011 2066 1108 2130 quis
1145 2066 1254 2111 ferat
1282 2066 1480 2111 homines

107 2137 687 2198 contumacesjsaluberrimis
708 2137 902 2200 Apostoli
919 2137 1091 2182 monitis
1108 2136 1365 2193 resistentes,
1388 2154 1477 2182 non

107 2207 217 2253 sicut
233 2208 489 2255 infirmiores
514 2208 711 2265 tolerari,
739 2208 811 2254 sed
831 2208 943 2254 sicut
965 2208 1095 2254 etiam
1116 2207 1349 2254 sanctiores
1365 2225 1480 2271 prae-

105 2278 260 2335 dicari,
285 2289 334 2324 ut
366 2279 623 2325 monasteria
647 2279 846 2325 doctrina
883 2279 1048 2325 saniore
1071 2278 1276 2335 fundata,
1304 2277 1475 2337 gemina

104 2349 307 2396 illecebra
331 2360 670 2413 corrumpantur
693 2361 735 2395 et
772 2350 977 2396 dissoluta
1006 2349 1182 2396 licentia
1207 2348 1440 2395 vacationis
1457 2386 1468 2405 ,

103 2430 146 2464 et
161 2420 267 2466 falso
284 2421 751 2482 nominejsanctitatis‘?
779 2422 930 2467 Sciant
952 2439 1051 2481 ergo
1075 2419 1480 2482 etiam1caeteri¹fra-

104 2502 187 2537 tres
203 2503 245 2537 et
269 2492 349 2538 filii
378 2493 530 2549 nostri,
557 2493 633 2556 qui
658 2491 799 2538 favere
822 2492 985 2538 talibus
1013 2502 1055 2537 et
1072 2489 1328 2551 hujusmodi
1357 2507 1480 2554 prae—

103 2564 391 2629 sumptionem
413 2581 491 2628 per
515 2564 801 2625 ignorantiam
836 2563 1061 2610 defendere
1099 2572 1392 2618 consuerunt,
1432 2579 1474 2608 sc

152 2649 162 2669 ¹
181 2647 407 2687 Matih.xx111‚
427 2650 456 2681 3.
474 2647 547 2673 —2
571 2661 582 2680 1
606 2651 681 2682 cor.
704 2660 749 2689 iv,
770 2650 801 2682 3.
823 2645 894 2672 —3
912 2659 929 2679 2
951 2646 1063 2679 Thess.
1086 2658 1140 2689 ιιι,
1161 2658 1212 2679 12.
