1758 3246
0 188 4 202 Ι

0 204 5 289 j
266 223 321 254 DE
358 226 591 256 concutis
627 226 955 267 ADULTERIN15‚
996 229 1081 259 Lm.
1126 231 1174 260 11.
1318 217 1406 271 411

0 291 5 369 ἶ

0 372 3 407 Ι

41 289 145 336 du'm
165 327 175 343 2
202 291 455 352 nuptiarum
480 300 621 335 autem
641 290 706 335 vel
728 301 1072 338 contemneretur
1095 295 1161 340 vel
1180 296 1415 356 negligere-

41 371 112 405 tur
133 360 324 412 bonum;
345 361 552 405 continuo
576 360 800 419 subjunxit
818 378 829 406 ι
851 361 1012 407 «Filios
1035 381 1259 425 procreare
1277 404 1287 421 ‚
1318 385 1404 414 ma.-

41 451 61 472 »
86 430 355 476 tresfamilias
371 447 469 476 esse.
492 451 512 471 »
551 430 638 486 Qui
659 448 758 476 vero
783 431 948 491 eligunt
966 433 1184 479 continere
1209 472 1220 490 ‚
1249 437 1416 500 aliquid

0 519 3 599 Ῥ
40 501 188 564 utique
211 501 358 546 melius
381 499 544 560 eligunt
569 517 699 564 quam
729 512 792 547 est
820 502 1071 564 nuptiarum
1107 503 1273 550 bonum
1292 543 1302 560 ‚
1331 508 1416 554 hoc

0 607 1 612 η
38 582 99 618 est
127 572 343 631 generatio
372 571 574 618 filiorum.
614 572 738 617 Unde
776 574 809 617 si
843 572 1017 632 eligitur
1042 575 1336 631 continentia,
1368 589 1417 623 ut

0 622 2 698 l
37 642 154 688 bono
169 642 421 704 nuptiarum
437 641 588 687 melius
607 641 774 706 aliquid
792 653 1064 705 capessatur3
1084 655 1250 707 quanto
1268 647 1417 708 potius

0 701 3 783 j
37 711 319 756 custodienda
338 721 416 761 est,
435 722 484 756 ut
503 711 761 757 adulterium
780 715 1012 757 caveatur?
1030 715 1140 759 Cum
1156 715 1268 760 enim
1288 715 1417 761 dixis-

36 791 98 826 set
121 780 349 842 Apostolus
364 817 375 835 ,
400 781 567 837 «Quod
594 782 627 826 si
651 798 692 826 se
712 798 799 826 non
823 782 1016 828 continet
1034 819 1045 837 ‚
1073 784 1242 831 nubat:
1264 784 1416 833 Melius

0 853 1 870 ³
36 871 56 892 >2
82 861 144 896 est
166 851 299 905 enim,
324 852 490 914 inquit,
507 852 669 897 nubere
684 869 814 916 quam
834 852 900 898 uri
915 851 978 900 ¹.»
993 854 1090 899 Non
1109 853 1214 900 dixit
1232 873 1242 900 ι
1261 855 1418 903 Melius

35 931 95 966 est
114 922 327 967 moechari
345 939 478 986 quam
503 922 586 968 uri.

97 992 224 1038 XIII.
267 993 364 1038 Non
395 1004 457 1038 est
492 994 625 1052 igitur
649 992 704 1038 ad
740 994 860 1056 quod
894 995 1172 1042 exhortemur
1205 1015 1301 1053 eos,
1333 998 1411 1062 qui

0 1071 1 1075 ’
33 1061 302 1107 reconciliari
325 1063 479 1108 timent
505 1063 768 1122 conjugibus
794 1064 998 1110 adulteris
1014 1067 1273 1128 poenitendo
1293 1084 1417 1114 sana-

32 1133 85 1178 tis
99 1169 110 1188 ,
143 1133 224 1177 nisi
245 1132 299 1178 ad
319 1133 648 1178 custodiendam
668 1134 995 1181 continentiam.
1020 1135 1238 1191 Quoniam
1261 1138 1418 1184 mulier

33 1201 202 1261 alligata
225 1202 420 1264 quandiu
445 1202 532 1247 sive
554 1204 756 1246 moechus
783 1203 869 1247 sive
888 1215 1030 1248 castus
1058 1205 1125 1250 vir
1151 1210 1240 1265 ejus
1262 1207 1374 1253 vivit
1396 1244 1406 1263 ‚

32 1271 280 1318 moechatur
303 1271 337 1316 si
355 1270 477 1316 alteri
500 1271 696 1332 nupserit
715 1290 726 1323 ;
755 1281 797 1315 et
815 1272 1093 1332 viralligatus
1112 1275 1309 1337 quandiu
1324 1277 1411 1322 sive

31 1341 207 1388 moecha
230 1341 317 1386 sive
341 1351 457 1386 casta
493 1357 597 1386 uxor
616 1344 707 1399 ejus
736 1341 844 1385 vivit
866 1378 876 1395 ‚
904 1342 1156 1388 moechatur
1177 1345 1211 1389 si
1236 1344 1412 1391 alteram

32 1411 210 1457 duxerit.
251 1412 359 1456 Haec
377 1427 564 1474 namque
586 1410 774 1469 alligatio
795 1411 1151 1475 quandoquidem
1170 1431 1257 1465 non
1279 1414 1415 1463 solvi-

31 1492 118 1534 tur,
145 1481 311 1526 etiamsi
333 1498 412 1543 per
436 1480 668 1542 repudium
693 1485 850 1539 conJ'ux
876 1499 898 1526 a
921 1492 1039 1527 casto
1062 1486 1246 1543 conjuge
1277 1501 1406 1548 sepa-

30 1562 170 1604 retur3
196 1551 335 1596 multo
360 1551 503 1596 minus
526 1551 723 1606 solvitur,
751 1551 785 1595 si
810 1567 898 1595 non
923 1562 1119 1613 separata
1138 1553 1402 1602 moechetur.

32 1624 93 1669 Ac
109 1639 189 1685 per
207 1622 294 1667 hoc
313 1639 400 1668 non
425 1639 519 1666 eam
547 1621 675 1667 solvit
698 1658 709 1674 ‚
734 1620 815 1666 nisi
842 1638 958 1666 mors
987 1623 1184 1682 conjugis
1201 1660 1212 1678 ‚
1243 1641 1330 1677 non
1366 1626 1411 1670 in

30 1692 292 1739 adulterium
318 1693 559 1737 corruentis
578 1728 589 1745 ,
632 1691 703 1736 sed
735 1690 789 1736 de
819 1707 1000 1754 corpore
1033 1693 1235 1747 exeuntis.
1285 1695 1411 1750 Qua-

28 1773 209 1826 propter
229 1763 263 1807 si
284 1762 505 1807 recesserit
527 1760 682 1806 mulier
701 1760 756 1805 ab
771 1759 969 1805 adultero
989 1762 1084 1807 viro
1105 1798 1116 1817 ‚
1135 1773 1176 1806 et
1199 1763 1236 1808 ei
1261 1780 1411 1809 recon-

28 1835 163 1880 ciliari
181 1852 269 1880 nou
291 1834 407 1879 vult.
427 1843 596 1878 maneat
613 1833 799 1894 innupta
825 1849 834 1876 :
863 1833 951 1878 etsi
967 1832 1178 1879 dimiserit
1196 1835 1263 1880 vir
1277 1836 1408 1882 adul-

28 1914 160 1949 teram
202 1903 427 1948 mulierem
451 1940 461 1951 .
506 1913 548 1947 et
582 1919 673 1947 eam
716 1918 803 1946 non
840 1902 933 1947 vult
966 1904 1158 1965 recipere
1198 1921 1277 1950 nec
1311 1917 1411 1968 post

26 1975 325 2038 poenitentiam
344 2010 354 2029 ‚
381 1973 601 2018 custodiat
627 1972 941 2017 continentiam
981 1990 990 2017 :
1024 1974 1103 2018 etsi
1135 1991 1223 2019 non
1246 1993 1293 2020 ex
1320 1993 1402 2021 vo-

26 2044 190 2090 luntate
212 2044 397 2104 eligendi
421 2043 601 2105 potioris
622 2042 750 2095 boni,
776 2052 889 2087 certe
910 2059 956 2087 ex
974 2045 1219 2089 necessitate
1238 2045 1406 2091 vitandi

26 2115 257 2178 perniciosi
281 2115 397 2160 mali.
433 2114 496 2159 Ad
516 2114 603 2158 hoc
636 2112 882 2157 exhortarer
907 2113 1075 2158 etiamsi
1100 2131 1205 2160 uxor
1234 2126 1340 2161 esset
1361 2117 1406 2161 in

25 2183 230 2243 languore
249 2184 481 2230 insanabili
511 2194 637 2245 atque
659 2181 867 2227 diuturno
882 2219 893 2238 ‚
915 2183 1081 2229 etiamsi
1108 2184 1269 2230 alicubi
1302 2197 1407 2230 esset

26 2270 209 2316 corpore
223 2264 438 2316 separata,
462 2270 549 2317 quo
570 2253 749 2297 maritus
767 2269 854 2297 non
876 2264 1022 2315 posset
1045 2254 1248 2300 accedere
1270 2272 1280 2300 t
1303 2272 1403 2318 pos-

24 2335 165 2370 tremo
186 2324 239 2370 ad
259 2325 346 2369 hoc
366 2325 611 2370 exhortarer
624 2323 788 2368 etiamsi
809 2324 965 2369 mulier
981 2324 1128 2369 volens
1145 2325 1286 2370 vivere
1301 2343 1406 2370 con-

25 2395 210 2440 tinenter
226 2432 237 2450 ‚
262 2395 462 2458 quamvis
485 2405 636 2440 contra
657 2392 963 2456 disciplinam,
993 2394 1096 2457 quia
1120 2411 1207 2439 non
1227 2411 1273 2438 ex
1298 2412 1408 2440 con-

26 2476 174 2519 sensu,
222 2474 362 2510 tamen
397 2463 612 2526 pudicum
647 2462 809 2526 pudica
851 2462 1103 2509 dimitteret.
1142 2464 1256 2508 Puto
1290 2464 1405 2509 enim

74 2547 83 2568 ¹
110 2558 120 2577 ι
143 2549 213 2577 (Ῑοι.
236 2557 290 2581 νη.
309 2560 339 2585 μ.
