1758 3246
259 273 262 276 ⁴
292 281 395 337 ⁷148
722 293 756 321 s.
800 290 1041 321 amussim
1077 291 1279 320 EPiSCOPl

300 360 493 413 fitentes,
521 374 609 421 quo
627 356 769 403 miseri
795 356 933 401 caten
953 372 1101 400 snmus
1119 392 1129 409 ,
1157 354 1210 399 de
1233 371 1320 417 quo
1341 353 1449 399 dicit
1481 353 1673 417 Aposto-

298 429 365 474 lus
389 445 400 474 ι
430 449 450 468 (ε
469 428 493 472 J
501 426 695 473 udieium
720 426 893 489 quidem
920 443 965 469 ex
994 442 1079 470 uno
1101 426 1145 469 in
1166 423 1601 469 condemnationen11
1623 440 1674 468 ε»

298 508 340 542 et
363 513 532 556 magnae
552 496 755 541 charitati
772 499 863 554 ejus
881 494 1036 552 gratias
1056 504 1224 552 agentes
1243 530 1254 548 ,
1281 493 1334 538 de
1352 510 1436 556 qua
1453 492 1565 538 idem
1584 493 1675 555 ipse

297 567 406 613 dicit
431 566 580 627 gratiae
600 566 867 630 praedicator
889 582 899 608 ε
924 586 943 604 <‹
969 563 1260 609 Commendat
1289 574 1432 608 autem
1451 580 1574 608 suam
1603 563 1676 608 di-

297 659 319 679 »
335 635 566 683 lectionem
594 638 708 681 Dens
728 636 774 681 in
797 634 923 679 nobis
943 671 954 690 ,
984 634 1192 696 quoniam
1218 650 1321 678 011111
1345 633 1492 678 adhue
1515 649 1677 696 pecca-

299 729 320 749 »
343 717 451 753 tores
471 722 656 752 essemus
673 741 685 761 ,
727 704 928 750 Christus
951 720 1034 767 pro
1063 703 1190 748 nobis
1213 713 1411 749 mortuus
1432 704 1524 748 est²
1551 720 1561 746 ε
1584 725 1604 744 »
1632 712 1680 749 ut

295 788 339 823 et
363 795 439 823 nos
461 776 668 822 veraciter
691 774 745 820 de
777 785 924 819 nostra
955 773 1126 819 miseria
1150 772 1396 832 judicantes
1413 808 1425 828 ,
1459 782 1501 817 et
1536 773 1678 818 Deum

297 847 510 894 charitate
529 862 662 908 quam
687 844 867 890 donavit
894 845 985 908 ipse
1010 843 1259 902 diligentes,
1288 843 1359 905 pie
1387 851 1588 904 reeteque
1610 843 1680 887 vi-

297 933 463 964 vamus.
499 914 630 972 Quod
648 914 868 974 judiciuin
887 925 929 959 et
947 913 1207 959 charitatem
1235 913 1315 957 Dei
1339 928 1441 956 cum
1470 911 1682 957 Pharisaei

297 987 588 1052 praeterirent,
609 986 889 1031 deeimabant
910 995 1049 1029 tamen
1069 994 1251 1047 propter
1267 983 1559 1045 eleemosynas
1575 998 1683 1045 quas

296 1058 517 1105 faciebant
534 1055 662 1102 etiam
687 1072 876 1119 quaeque
900 1055 1185 1100 minutissima
1209 1053 1436 1099 fruetuum
1464 1069 1642 1098 suorum
1667 1069 1678 1096 ε

297 1139 341 1173 et
362 1128 460 1173 ideo
486 1144 573 1172 non
594 1126 761 1172 dabant
783 1126 1073 1188 eleemosynas
1098 1143 1121 1170 a
1141 1142 1182 1170 se
1202 1125 1460 1187 incipientes
1475 1160 1486 1179 ,
1509 1139 1683 1169 secum-

298 1217 384 1262 que
406 1199 528 1262 prius
552 1197 895 1243 misericordiam
919 1197 1136 1243 fficio-ntes.
1165 1198 1351 1259 Propter
1382 1213 1513 1259 quem
1543 1194 1684 1240 dilec-

301 1268 430 1314 tionis
464 1266 660 1311 ordinem
694 1264 858 1309 dictum
892 1276 986 1309 est:
1028 1286 1049 1305 «
1081 1266 1241 1323 Diliges
1277 1266 1523 1327 proximum
1562 1275 1685 1309 tuum
1749 1298 1754 1304 .

300 1350 549 1402 »tanquam
576 1347 614 1380 te
636 1336 782 1398 ipsum
796 1334 828 1381 3.
855 1357 874 1376 >›
908 1336 1022 1380 Cum
1049 1352 1149 1394 ergo
1180 1335 1444 1397 increpasset
1467 1351 1537 1379 eos
1565 1333 1687 1397 quod

299 1410 537 1456 forinsecus
561 1423 603 1451 se
625 1405 857 1461 lavabant,
886 1406 1003 1450 intus
1039 1416 1181 1450 autem
1214 1406 1367 1467 rapina
1387 1416 1429 1451 et
1459 1405 1686 1467 iniquitate

302 1480 423 1544 pleni
452 1488 600 1532 erant,
628 1475 864 1520 admonens
899 1475 1087 1537 quadam
1119 1474 1416 1538 eleemosyna,
1438 1491 1571 1538 quam
1605 1473 1685 1519 sibi

306 1552 442 1596 homo
462 1547 592 1593 debet
608 1545 813 1609 primitus
832 1545 934 1590 dare
947 1582 958 1601 ,
983 1545 1188 1590 interiora
1208 1546 1414 1590 mundari
1438 1563 1448 1590 :
1470 1567 1490 1586 c<
1507 1546 1687 1590 Verum·

308 1642 330 1663 >2
352 1630 495 1666 tamen
511 1655 522 1675 ,
548 1616 713 1679 inquit,
750 1615 870 1678 quod
895 1626 1110 1678 superest,
1142 1615 1240 1660 date
1269 1616 1582 1678 eleemosynam
1598 1653 1609 1668 ,
1647 1625 1691 1660 et

309 1713 331 1734 »
348 1707 447 1736 ecee
470 1688 616 1733 onmia
633 1685 797 1731 munda
815 1696 916 1730 sunt
936 1685 1104 1732 vobis&
1129 1707 1149 1726 »
1179 1685 1345 1730 Deinde
1374 1697 1424 1731 ut
1450 1685 1691 1732 ostenderet
1750 1686 1753 1703 ⁴

310 1761 420 1826 quid
439 1757 758 1812 admonuisset,
782 1767 824 1801 et
851 1756 958 1818 qnid
983 1756 1065 1819 ipsi
1096 1756 1236 1801 facere
1264 1773 1351 1800 non
1382 1767 1584 1802 curarent
1603 1793 1614 1812 ,
1638 1773 1690 1802 ne

311 1832 438 1878 illum
468 1837 674 1894 putarent
701 1843 850 1871 eorum
882 1826 1169 1888 eleemosynas
1203 1826 1432 1885 ignorare:
1474 1847 1495 1868 α
1516 1826 1602 1872 Sed
1624 1842 1690 1872 vae
1752 1831 1754 1844 ’

315 1901 508 1957 »1101)15,
539 1899 710 1961 inquit,
748 1897 982 1942 Pharisaeis
1015 1915 1025 1941 :
1061 1919 1080 1937 υ
1122 1907 1328 1958 tanquam
1362 1896 1526 1942 (liceret
1555 1914 1566 1941 z
1601 1897 1691 1955 Ego
1751 1906 1753 1913 ’

313 1972 492 2037 quidem
515 1967 767 2015 commonui
785 1984 860 2012 vos
883 1967 1196 2030 eleemosynam
1220 1967 1411 2013 dandam
1427 2004 1437 2018 ,
1464 1984 1544 2031 per
1559 1983 1691 2030 quam
1751 1999 1753 2003 «

314 2043 439 2090 vobis
455 2039 617 2085 munda
639 2039 724 2083 sint
747 2038 891 2082 omnia
913 2055 923 2081 ε
961 2059 980 2077 ι(
1000 2038 1086 2082 Sed
1116 2054 1183 2083 5⁷ae
1213 2037 1336 2082 vobis
1363 2038 1438 2100 qui
1469 2036 1693 2083 decimatis

317 2135 338 2155 >³
355 2111 578 2158 mentham
603 2119 644 2154 et
658 2119 800 2154 rutam
822 2118 863 2152 et
880 2124 1007 2152 omne
1035 2107 1154 2160 olus3
1179 2129 1198 2147 ³>
1225 2107 1304 2152 has
1322 2109 1435 2152 enim
1454 2108 1557 2153 novi
1580 2106 1692 2152 elee-
1751 2122 1754 2128 ’

316 2198 518 2245 mosynas
538 2190 720 2235 vestras,
745 2195 796 2223 ne
815 2177 869 2222 de
885 2177 968 2223 illis
993 2195 1060 2222 me
1083 2194 1200 2221 nune
1225 2194 1302 2222 vos
1323 2177 1597 2224 admonuisse
1619 2193 1693 2222 ar-

318 2251 541 2299 bitremini
565 2268 576 2294 :
599 2271 616 2290 α
642 2251 699 2294 lit
720 2248 949 2311 praeteritis
961 2247 1181 2306 judicium
1203 2257 1243 2291 et
1263 2247 1519 2293 charitatem
1546 2247 1622 2293 Dei
1639 2267 1652 2300 ς
1671 2267 1693 2287 >>
1751 2276 1755 2303 3

319 2340 407 2388 qua
428 2322 697 2382 eleemosyna
721 2318 897 2382 possetis
925 2318 979 2362 al>
1003 2317 1122 2361 omni
1152 2317 1479 2379 inquinamento
1503 2315 1695 2364 interiori
1750 2305 1754 2380 Ξ

320 2391 550 2447 mundari,
574 2401 624 2435 ut
647 2389 772 2434 vobis
792 2387 954 2432 munda
973 2396 1110 2432 essent
1126 2397 1167 2430 et
1185 2404 1370 2450 corpora
1392 2405 1492 2451 quae
1507 2387 1659 2433 lavatis
1679 2405 1690 2431 ε

322 2464 407 2508 hoc
425 2471 488 2507 est
503 2460 619 2506 enim
639 2480 658 2500 α
681 2458 842 2505 Omnia
859 2494 869 2507 ,
893 2478 914 2498 »
940 2466 981 2501 et
1000 2456 1203 2500 interiora
1222 2456 1385 2501 scilieet
1401 2468 1443 2501 et
1455 2457 1662 2502 exteriora
1679 2474 1690 2501 t

318 2534 432 2579 sicut
457 2531 563 2577 alibi
584 2530 741 2590 legitur
765 2547 774 2573 :
805 2550 824 2568 «
848 2526 1056 2572 Mundate
1083 2543 1182 2588 quae
1218 2527 1334 2572 intus
1356 2537 1485 2584 sunt,
1519 2538 1561 2573 et
1593 2543 1694 2590 quae

368 2616 377 2636 ¹
401 2619 493 2646 Rom.
510 2624 539 2652 v,
560 2615 609 2644 16.
632 2631 673 2637 --
693 2611 708 2633 ‘⁴'
729 2612 810 2645 ibid,
831 2613 861 2641 8.
879 2627 922 2633 --
939 2607 953 2632 3
974 2612 1044 2640 Luc.
1062 2619 1092 2638 x.
1111 2618 1223 2647 27.—
1242 2606 1383 2649 ⁴1d.x1‚
1406 2617 1459 2646 41.
