1758 3246
325 252 415 300 332
744 266 779 294 S.
823 263 1066 296 AUGL‘S'slNl
1105 264 1306 295 eviscovi

326 349 408 396 pro
433 329 642 376 fratribus
662 329 825 376 vestris.
860 331 973 375 Ecce
995 334 1086 389 jam
1111 328 1214 374 tales
1237 328 1360 382 estis,
1389 330 1490 391 quia
1521 340 1563 375 et
1597 329 1697 376 tales

327 418 412 446 esse
450 399 628 446 debetis.
673 400 781 445 Haec
817 399 967 445 addita
995 398 1264 458 virginitati,
1295 398 1529 457 angelicam
1561 400 1696 445 vitam
1756 433 1758 448 ,

327 470 585 516 hominibus
603 506 615 525 ,
651 480 692 514 et
716 469 817 514 coeli
841 486 980 514 mores
1013 468 1220 513 exhibent
1249 468 1384 514 terris,
1422 468 1506 513 Sed
1534 478 1700 531 quanto
1756 496 1758 503 ι

1752 0 1758 74 !

1753 76 1758 204 ἔ

1755 240 1758 399 ῑ

327 539 474 599 magni
491 538 611 594 estis,
636 537 979 602 quicumqueita
997 537 1144 595 magni
1172 537 1291 592 estis,
1323 547 1444 582 tanto
1472 536 1700 582 humiliate
1757 561 1758 564 ¹

325 624 403 654 vos
433 608 479 653 in
510 608 736 662 omnibus,
775 617 824 652 ut
858 623 1005 652 coram
1038 606 1128 650 Deo
1154 605 1380 651 inveniatis
1408 606 1588 666 gratiam
1607 643 1618 662 ‚
1647 623 1701 652 ne

326 678 527 740 superbis
562 677 754 731 resistat,
789 693 842 720 ne
868 693 910 721 se
933 674 1165 719 exaltantes
1195 675 1422 731 humiliet,
1448 693 1500 721 ne
1530 675 1703 721 inflatos

325 765 404 811 per
430 759 607 807 angusta
627 764 715 791 non
734 746 954 805 trajiciat:
983 762 1236 808 quanquam
1260 746 1479 808 superflua
1504 747 1558 792 sit
1577 745 1701 791 solli-

324 818 474 863 citudo
491 854 501 872 ‚
531 834 583 862 ne
609 817 685 861 ubi
706 816 842 862 fervet
863 816 1054 861 charitas
1072 852 1083 871 ‚
1109 815 1218 860 desit
1237 815 1474 863 humilitas.

391 888 481 933 LV.
515 887 560 931 Si
580 903 679 945 ergo
698 886 874 949 nuptias
897 885 1215 948 contempsistis
1236 885 1426 930 filiorum
1449 885 1699 941 hominum,

326 975 372 1002 ex
403 957 566 1020 quibus
596 956 823 1015 gigneretis
855 956 966 1000 filios
1000 955 1230 1000 hominum
1251 992 1262 1011 ,
1297 966 1389 1000 toto
1413 955 1543 1000 corde
1565 965 1706 1000 amate

327 1028 569 1090 speciosum
595 1026 735 1070 fornia
752 1042 845 1088 prae
863 1025 961 1070 filiis
978 1025 1209 1070 hominum
1231 1042 1242 1069 ι
1269 1035 1395 1069 vacat
1413 1025 1537 1071 vobis
1555 1061 1566 1080 ‚
1596 1024 1703 1069 libe-

327 1115 423 1142 rum
445 1108 504 1142 est
526 1113 602 1141 cor
623 1114 644 1140 a
669 1095 975 1154 conjugalibus
994 1095 1196 1140 vinculis.
1223 1093 1429 1156 Inspicite
1455 1093 1704 1156 pulchritu-

332 1167 474 1212 dinem
505 1165 707 1211 amatoris
726 1165 855 1210 vestri
881 1182 890 1208 ε
919 1165 1104 1223 cogitate.
1133 1164 1343 1226 {equalem
1366 1164 1482 1208 Patri
1504 1200 1514 1209 .
1549 1162 1705 1207 subdi—

328 1248 418 1282 tum
448 1248 487 1281 et
511 1235 666 1287 inatri3
695 1235 823 1279 etiam
848 1235 893 1279 in
917 1234 1039 1278 coelis
1071 1233 1392 1287 dominantem,
1432 1244 1474 1277 et
1503 1233 1548 1277 in
1586 1233 1705 1276 terris

328 1308 603 1358 servientem3
632 1315 850 1349 creantem
887 1303 1055 1355 omnia,
1087 1312 1280 1347 creatum
1310 1302 1422 1346 inter
1450 1301 1607 1346 onmia.
1641 1300 1706 1344 ll-

329 1376 403 1421 lad
430 1377 570 1438 ipsum
597 1373 715 1436 quod
746 1373 792 1417 in
816 1389 865 1417 eo
893 1371 1091 1416 derident
1119 1370 1323 1433 superbi,
1349 1370 1550 1432 inspicite
1573 1386 1707 1432 quam

330 1449 567 1510 pulchrum
593 1447 647 1490 sit
669 1463 678 1489 ε
703 1444 882 1489 internis
905 1443 1148 1487 luminibus
1170 1442 1372 1504 inspicite
1393 1441 1573 1486 vulnera
1594 1459 1707 1504 pcn-

329 1519 489 1572 denUs,
512 1515 737 1561 cicatrices
756 1513 1012 1572 resurgentis
1027 1549 1037 1561 ,
1062 1512 1312 1570 sanguinem
1339 1511 1559 1556 morientis
1579 1547 1589 1565 ,
1611 1528 1707 1573 pre-

330 1589 440 1634 tium
482 1585 695 1632 credentis
713 1621 724 1640 ,
762 1582 1074 1629 commercium
1113 1581 1377 1627 redimentis.
1421 1581 1530 1626 Haec
1556 1581 1709 1644 quanti

329 1658 501 1705 valeant
527 1656 736 1715 cogitate,
765 1654 864 1699 liaec
883 1654 930 1698 in
950 1663 1104 1698 statera
1131 1651 1357 1696 charitatis
1383 1650 1641 1714 appendite,
1668 1661 1709 1695 et

332 1726 548 1793 quidquid
573 1725 729 1771 ainoris
753 1725 798 1769 in
821 1723 998 1785 nuptias
1024 1732 1184 1768 vestras
1212 1720 1554 1784 impendendum
1574 1720 1708 1766 habe-

333 1800 447 1845 batis
462 1836 472 1851 ‚
495 1797 556 1843 illi
579 1795 816 1858 rependite.

395 1870 509 1915 Lm.
550 1869 666 1912 Bene
690 1865 809 1928 quod
845 1864 1092 1909 interiorem
1119 1873 1302 1908 vestram
1331 1861 1709 1925 pulclnitudinem

334 1939 492 2004 quaerit
507 1975 517 1993 ‚
546 1936 623 1982 ubi
646 1935 772 1981 vobis
790 1934 911 1979 dedit
934 1941 1191 1997 potestatem
1223 1931 1331 1976 filias
1363 1931 1443 1976 Dei
1469 1931 1561 1976 fieri
1585 1948 1596 1975 :
1623 1948 1711 1976 non

338 2009 498 2074 quaerit
519 2025 541 2051 a
562 2006 688 2051 vobis
715 2005 950 2068 pulchram
974 2019 1147 2048 carnem
1163 2039 1174 2056 ‚
1211 2001 1283 2046 sed
1313 2000 1525 2063 pulchros
1545 2017 1706 2055 mores,

336 2080 498 2144 quibus
514 2075 687 2122 frenetis
712 2084 754 2119 ct
782 2091 969 2120 carnem.
993 2074 1092 2118 Non
1108 2081 1170 2116 est
1187 2070 1259 2116 cui
1273 2070 1326 2115 de
1339 2069 1463 2115 vobis
1482 2070 1711 2133 quisquam

334 2148 571 2195 mentiatur
585 2183 596 2201 ‚
623 2154 666 2189 et
681 2144 813 2189 faciat
831 2143 932 2188 saevi
940 2159 982 2187 re
1006 2141 1231 2186 zelantem.
1260 2139 1411 2185 Videte
1429 2156 1529 2184 cum
1549 2149 1712 2202 quauta

335 2217 562 2265 securitate
580 2213 728 2259 ametis
743 2249 754 2269 ‚
781 2213 853 2258 cui
881 2211 1112 2275 displicere
1134 2209 1251 2255 falsis
1280 2208 1602 2272 suspicionibus
1624 2225 1712 2254 non

335 2288 508 2334 timetis.
550 2285 626 2330 Vir
661 2294 703 2328 et
726 2299 831 2328 uxor
856 2292 1002 2327 amant
1039 2298 1107 2336 se,
1139 2280 1346 2344 quoniam
1378 2278 1530 2323 vident
1565 2295 1635 2331 se;
1670 2288 1712 2323 et

335 2357 454 2423 quod
476 2372 565 2401 non
580 2352 729 2399 vident
747 2390 759 2409 ,
787 2353 941 2398 timent
967 2353 1013 2397 in
1033 2369 1074 2397 se
1097 2368 1106 2395 :
1137 2367 1216 2395 nec
1242 2349 1348 2394 certi
1380 2347 1569 2407 gaudent
1587 2364 1635 2392 ex
1660 2364 1710 2393 eo

336 2427 456 2492 quod
475 2427 520 2472 in
543 2423 765 2470 manifesto
788 2433 874 2479 est,
910 2422 1013 2467 dum
1042 2422 1087 2466 in
1108 2420 1281 2466 occulto
1306 2418 1583 2480 suspicantur
1610 2418 1709 2480 ple-

335 2513 520 2560 rumque
539 2493 659 2558 quod
684 2510 772 2538 non
791 2503 866 2539 est.
897 2492 982 2538 Vos
1005 2491 1049 2537 in
1071 2491 1152 2535 isto
1173 2506 1302 2552 quem
1323 2486 1460 2533 oculis
1478 2504 1566 2531 non
1590 2486 1708 2532 vide-

335 2569 410 2623 tis,
434 2578 476 2613 et
505 2565 590 2612 fide
609 2563 884 2628 conspicitis,
924 2578 1004 2609 nec
1038 2559 1210 2608 habetis
1234 2574 1384 2606 verum
1405 2556 1524 2620 quod
1560 2572 1708 2623 reprc-
