1758 3246
313 254 406 310 346
733 269 766 296 s,
809 266 1051 296 Accusrim
1087 267 1292 297 EPISCOP1

310 353 332 375 «
355 332 530 378 Nubere
548 331 702 378 volunt
724 349 735 377 ι
756 331 988 387 habentes,
1009 332 1152 395 inquit
1165 369 1177 388 ‚
1199 332 1520 379 damnationem
1539 370 1550 389 ‚
1570 351 1681 398 quo-

313 422 333 441 »
351 401 467 446 niam
497 402 684 464 primam
714 402 842 447 fidem
872 402 1039 447 irritam
1069 401 1288 448 fecerunt1
1316 420 1369 446 t»
1391 402 1467 448 etsi
1484 420 1571 448 non
1591 421 1682 450 nu-

310 470 455 515 bendo
473 507 484 525 ‚
509 481 676 516 tantuin
701 471 886 516 volendo
910 489 920 515 ε
946 489 1032 516 non
1056 472 1158 534 quia
1179 473 1286 534 ipsae
1314 472 1482 534 nuptiae
1512 472 1580 517 vel
1609 483 1682 517 ta⁴

308 540 418 585 lium
461 540 722 588 damnandae
753 541 1008 601 judicantur
1026 578 1036 595 ‚
1071 541 1145 586 sed
1190 541 1425 586 damnatur
1465 542 1681 604 propositi

309 609 427 655 fraus
445 647 456 665 ,
480 611 711 678 damnatur
726 612 864 658 fracta
883 611 972 657 voti
990 611 1096 656 fides
1114 647 1125 666 ‚
1152 611 1383 656 damnatur
1404 629 1492 657 non
1510 628 1682 674 suscep-

312 679 371 724 tio
392 697 415 724 a
430 680 548 726 bono
571 680 769 727 inferiore
785 718 796 738 ,
827 682 900 728 sed
923 682 1048 727 ruina
1079 698 1127 726 ex
1149 681 1268 725 bono
1295 681 1515 743 superiore
1536 699 1546 725 :
1575 697 1683 744 pos-

313 758 448 794 tremo
466 751 728 797 damnantur
748 752 851 797 tales
870 789 881 807 ,
903 768 992 797 non
1017 750 1120 813 quia
1139 750 1414 810 conjugalem
1437 751 1569 796 fidem
1586 767 1685 813 pos-

312 819 442 863 terius
480 820 670 886 inierunt
689 859 700 877 ‚
743 822 816 867 sed
855 821 958 884 quia
1001 820 1281 865 continentiae
1324 820 1513 882 primam
1553 819 1687 864 fidem

312 887 479 933 irritam
500 888 708 938 fecerunt.
737 891 868 948 Quod
887 902 935 936 ut
951 889 1143 936 breviter
1165 890 1403 935 insinuaret
1426 889 1686 952 Apostolus,

311 957 452 1002 noluit
467 976 535 1004 eas
553 960 695 1006 dicere
712 962 873 1006 habere
892 960 1215 1006 damnationem
1231 996 1241 1015 ‚
1264 975 1362 1022 quae
1380 969 1480 1022 post
1497 958 1691 1022 amplio-

311 1027 370 1072 ris
394 1030 632 1075 sanctitatis
654 1031 931 1095 propositum
949 1030 1129 1075 nubunt
1148 1049 1159 1081 ;
1180 1030 1294 1089 (non
1314 1028 1415 1091 quia
1439 1044 1528 1073 non
1557 1027 1691 1074 dam-

312 1107 474 1143 nantur
489 1135 499 1153 ‚
530 1099 603 1145 sed
622 1117 675 1145 ne
698 1101 744 1145 in
760 1101 818 1145 eis
834 1101 942 1163 ipsae
962 1099 1129 1162 nuptiae
1150 1098 1351 1144 damnari
1368 1108 1627 1160 putarentur
1646 1098 1689 1159 z)

313 1167 387 1212 sed
412 1184 513 1213 cum
531 1169 701 1215 dixisset
726 1188 736 1214 :
767 1192 788 1211 «
811 1171 985 1215 Nubere
1008 1169 1189 1221 volunt3
1213 1189 1234 1209 »
1257 1168 1464 1213 continuo
1483 1167 1652 1212 addidit
1675 1184 1686 1211 ε

314 1257 334 1276 α
359 1237 578 1284 Habentes
602 1240 939 1285 damnationem.
968 1260 988 1278 »
1014 1240 1070 1283 Et
1095 1237 1202 1283 dixit
1229 1253 1362 1299 quare
1387 1255 1396 1280 :
1428 1258 1449 1277 «
1470 1236 1693 1292 Quoniam

317 1328 338 1347 »
354 1309 545 1369 priorem
581 1309 710 1354 fidem
735 1310 901 1355 irritam
928 1309 1126 1353 fecerunt
1147 1325 1158 1352 ε
1185 1328 1205 1348 ›>
1233 1317 1280 1351 ut
1299 1306 1569 1351 voluntatem
1591 1322 1693 1368 quae

316 1393 339 1420 a
361 1379 586 1440 proposito
612 1379 770 1424 cecidit
784 1416 794 1434 ‚
825 1388 1031 1441 appareat
1056 1394 1142 1421 esse
1169 1376 1419 1421 damnatam
1439 1413 1450 1432 ,
1472 1375 1559 1421 sive
1581 1376 1693 1421 sub-

315 1460 551 1509 sequantur
573 1449 743 1510 nuptiae
762 1485 771 1502 ‚
791 1448 878 1492 sive
901 1448 1054 1493 desint.

383 1518 510 1563 XIII.
553 1518 742 1563 Proinde
782 1518 861 1582 qui
899 1518 1055 1563 dicunt
1089 1516 1240 1561 talium
1276 1516 1451 1579 nuptias
1485 1533 1573 1561 non
1608 1533 1694 1562 esse

319 1587 496 1649 nuptias
514 1625 524 1642 ‚
559 1588 632 1633 sed
661 1589 809 1651 potius
843 1587 1053 1633 adulteria
1076 1623 1086 1641 ‚
1119 1603 1207 1631 non
1240 1586 1351 1631 mibi
1376 1585 1579 1631 videntur
1595 1586 1696 1632 satis

320 1667 444 1701 acute
478 1674 527 1702 ac
564 1658 791 1717 diligenter
827 1656 1099 1702 considerare
1136 1655 1243 1718 quid
1275 1655 1459 1700 dicant:
1493 1654 1605 1701 fallit
1626 1672 1696 1701 eos

318 1728 485 1790 quippe
504 1727 744 1773 similitudo
763 1727 970 1773 veritatis,
998 1727 1112 1782 Quia
1129 1726 1242 1770 enim
1261 1726 1513 1785 conjugium
1530 1725 1697 1771 Christi

318 1796 527 1842 dicuntur
551 1796 703 1856 eligere
736 1813 836 1860 quae
860 1796 1099 1840 christiana
1126 1794 1351 1839 sanctitate
1380 1811 1469 1840 non
1491 1794 1694 1850 nubunt,

318 1867 425 1912 hinc
450 1877 808 1926 argumentantur
832 1866 1011 1928 quidam
1042 1864 1232 1909 dicentes
1253 1882 1263 1908 ε
1297 1864 1343 1909 Si
1371 1865 1464 1909 viro
1500 1881 1577 1909 suo
1596 1863 1696 1909 vivo

319 1953 420 1999 quae
445 1936 565 1981 alteri
600 1937 753 1988 nubit,
795 1935 989 1980 adultera
1026 1945 1114 1988 est.
1143 1936 1256 1978 sicut
1287 1935 1379 1996 ipse
1414 1933 1629 1980 Dominus
1649 1933 1695 1978 in

321 2005 553 2065 Evangelio
578 2005 830 2057 definivit23
856 2005 957 2049 vivo
981 2020 1080 2063 ergo
1118 2003 1296 2048 Christo
1317 2039 1327 2058 ‚
1352 2003 1425 2048 cui
1445 2020 1560 2048 mors
1583 2003 1697 2048 ultra

319 2093 409 2121 non
428 2075 679 2120 dominatur
695 2112 705 2130 ‚
730 2091 829 2137 quae
848 2074 1102 2133 conjugium
1123 2077 1214 2132 ejus
1231 2073 1440 2131 elegerat,
1470 2073 1504 2118 si
1529 2072 1699 2118 homini

322 2145 453 2191 nubit
468 2182 479 2200 ‚
517 2144 714 2190 adultera
753 2145 855 2190 est-3.
895 2144 984 2200 Qui
1019 2143 1107 2188 hoc
1138 2142 1293 2188 dicunt
1311 2179 1321 2198 ,
1358 2153 1483 2187 acute
1519 2141 1695 2205 quidem

321 2225 573 2269 moventur3
601 2214 673 2260 sed
704 2231 863 2277 parum
888 2213 1117 2259 attendunt
1144 2213 1261 2258 hanc
1282 2213 1696 2271 argumentationem

322 2295 485 2349 quanta
509 2294 880 2347 rerum'sequatur
898 2282 1155 2328 absurditas,
1185 2282 1299 2326 Cum
1323 2282 1438 2327 enim
1464 2281 1698 2327 laudabili-

324 2366 388 2399 ter
409 2355 538 2400 etiam
557 2354 726 2400 vivente
749 2354 842 2399 viro
860 2370 906 2398 ex
924 2356 1014 2411 ejus
1037 2368 1247 2397 consensu
1272 2352 1584 2396 continentiam
1609 2350 1699 2396 foe-

324 2425 442 2470 mina
475 2424 653 2470 Christo
682 2434 866 2478 voveat,
893 2427 983 2482 jam
1009 2421 1248 2467 secundum
1278 2421 1460 2465 istorum
1487 2421 1698 2467 rationem

323 2495 442 2540 nulla
470 2495 555 2539 hoc
576 2494 717 2540 facere
736 2493 867 2539 debet
883 2530 892 2548 ,
921 2510 973 2537 ne
1004 2493 1146 2556 ipsum
1173 2489 1398 2535 Christum
1418 2527 1428 2545 ‚
1456 2490 1576 2553 quod
1597 2505 1697 2535 sen-

372 2579 413 2607 11
434 2581 516 2610 svm.
539 2589 567 2614 v,
587 2589 638 2614 11,
660 2588 767 2608 12.—
782 2576 928 2609 ²Mauli.
949 2587 1019 2615 xix,
1040 2588 1127 2616 9.—
1145 2572 1160 2596 3
1180 2576 1278 2605 Rom.
1301 2585 1343 2612 w,
1368 2586 1399 2613 9.
