1758 3246
335 281 392 342 76
730 295 764 324 s.
810 294 1049 324 Aucusrml
1086 294 1301 326 muscom.

332 375 428 403 mus
445 374 514 403 eos
532 357 643 403 nolle
669 359 844 405 Christo
864 359 1036 405 credere
1052 397 1061 415 ,
1085 360 1161 422 qui
1178 360 1244 406 vel
1268 360 1529 406 adulterium
1549 361 1701 408 dicunt

333 445 421 473 non
441 444 551 484 esse,
589 429 708 490 quod
739 429 809 473 ille
847 429 1106 475 adulterium
1142 430 1250 475 dicit
1276 448 1385 487 esse,
1419 431 1487 476 vel
1521 430 1704 477 credunt
1740 439 1742 478 ἓ

334 495 549 542 adulteros
574 501 664 556 ejus
692 498 887 542 membra
916 515 1040 560 posse
1060 515 1169 554 esse,
1207 515 1315 561 quos
1342 517 1421 562 per
1461 499 1705 562 apostolum
1740 504 1742 532 ἓ

333 566 440 611 dicit
463 583 642 626 regnum
668 567 749 611 Dei
771 584 858 611 non
877 566 1144 629 possidere1‚
1172 578 1214 612 et
1243 584 1359 613 sanae
1390 568 1601 613 doctrinae
1624 568 1706 613 ad·
1740 619 1742 621 ,

334 634 509 689 versari,
530 651 628 697 quae
645 645 707 679 est
720 634 958 679 secundum
974 634 1253 694 Evangelium
1274 636 1422 695 gloriae
1442 636 1559 681 beati
1578 636 1700 684 Dei2.

334 704 460 748 [nde
476 721 564 749 non
581 715 681 749 sunt
703 704 772 749 isti
790 705 901 749 inter
917 721 987 750 eos
1009 704 1267 767 deputandi,
1292 705 1368 768 qui
1386 705 1441 750 ad
1459 705 1708 752 convivium
1740 700 1742 740 3

335 774 590 836 nuptiarum
606 785 840 827 venerunt3
861 774 935 819 sed
954 774 1065 819 inter
1082 791 1151 821 eos
1171 775 1247 837 qui
1268 775 1412 820 venire
1430 773 1702 821 noluerunt³.

338 842 452 886 Cum
478 841 593 886 enim
613 842 697 904 ipsi
721 842 935 888 doctrinae
955 843 1121 888 Christi
1145 843 1309 889 audent
1327 843 1592 907 apertissime
1611 859 1711 888 con-

339 909 549 954 tradicere
567 947 577 965 ,
600 921 642 955 et
666 921 815 956 sancto
843 911 1061 957 adversari
1093 911 1353 970 Evangelio,
1384 928 1474 957 non
1498 910 1712 958 venientes

337 978 633 1042 repelluntur,
661 981 735 1026 sed
756 981 899 1026 venire
925 981 1257 1028 contemnunt4.
1286 982 1375 1037 Qui
1394 992 1536 1027 autem
1555 980 1712 1027 saeculo
1740 999 1743 1005 ·

340 1048 490 1094 saltem
532 1049 701 1105 verbis,
734 1049 902 1094 etiamsi
928 1066 1017 1094 non
1041 1050 1192 1106 factis,
1229 1051 1505 1107 renuntiant,
1535 1050 1714 1096 veniunt
1741 1072 1743 1077 κ

339 1117 515 1180 quidem
531 1154 542 1173 ,
570 1128 612 1163 et
630 1118 743 1163 inter
765 1119 958 1164 triticum
979 1119 1271 1174 seminantur,
1294 1131 1336 1164 et
1364 1120 1411 1165 in
1437 1136 1580 1164 aream
1604 1135 1713 1164 con-

341 1198 573 1248 geruntur,
609 1199 652 1233 et
683 1188 839 1234 ovibus
865 1199 1174 1249 aggregantur,
1212 1199 1253 1234 et
1286 1189 1392 1234 retia
1422 1189 1640 1244 subeunt,
1674 1197 1715 1233 et

339 1257 674 1302 convivantibus
701 1258 1018 1311 admiscentur3
1055 1257 1128 1303 sed
1157 1258 1275 1302 intus
1302 1258 1389 1303 sive
1413 1257 1598 1313 lateant,
1629 1256 1715 1302 sive
1740 1267 1742 1270 '

342 1336 538 1390 pateant,
562 1337 668 1372 tunc
685 1328 766 1372 erit
783 1327 892 1372 ratio
906 1325 1135 1383 tolerandi,
1153 1326 1186 1372 si
1202 1336 1391 1389 potestas
1412 1326 1532 1371 nulla
1548 1335 1610 1370 est
1624 1341 1716 1370 cor-

343 1396 536 1455 rigendi,
564 1414 644 1442 nec
666 1397 798 1442 dehet
816 1413 901 1441 esse
923 1396 1208 1459 praesumptio
1227 1395 1467 1459 separandi.
1498 1395 1625 1440 Absit
1646 1410 1718 1439 au-
1740 1432 1741 1436 ,

347 1477 432 1511 tem
456 1477 506 1511 ut
521 1466 581 1511 sic
603 1467 894 1526 intelligamus
911 1467 1031 1529 quod
1052 1467 1263 1529 scriptum
1285 1476 1347 1511 est
1361 1503 1372 1522 ,
1397 1465 1452 1511 ad
1470 1464 1718 1511 convivium
1740 1483 1743 1504 ε

345 1536 601 1598 nuptiarum
638 1535 849 1581 adductos
873 1553 884 1580 ι
917 1555 937 1575 «
961 1537 1082 1591 Quos
1107 1536 1367 1580 invenerunt
1393 1535 1532 1580 bonos
1557 1543 1600 1579 et
1621 1550 1718 1578 ma-

351 1627 371 1646 »
388 1605 506 1662 los5,
530 1626 551 1646 ³>
575 1615 624 1651 ut
647 1623 716 1651 eos
734 1605 959 1651 adduxisse
977 1605 1226 1660 credantur,
1254 1605 1331 1667 qui
1347 1621 1388 1649 se
1415 1603 1549 1649 malos
1571 1620 1718 1667 perse-

348 1685 569 1721 veraturos
592 1674 773 1738 professi
793 1685 908 1721 sunt.
934 1673 1141 1736 Alioquin
1172 1674 1256 1736 ipsi
1274 1673 1384 1719 servi
1399 1661 1742 1736 patrisfamilias}

349 1745 510 1790 zizania
543 1744 887 1800 seminaverunt,
920 1742 1161 1806 falsumque
1184 1743 1264 1787 erit
1295 1742 1436 1787 illud:
1474 1741 1742 1790 «Inimicus

350 1834 372 1856 >)
393 1824 537 1859 autem
559 1814 639 1877 qui
658 1831 706 1859 ea
727 1813 974 1869 seminavit,
996 1812 1196 1858 diabolus
1227 1813 1332 1858 estss.
1356 1834 1377 1853 »
1403 1811 1486 1856 Sed
1510 1810 1613 1873 quia
1635 1809 1720 1855 hoc
1739 1834 1742 1875 ξ

350 1883 505 1929 falsum
546 1900 632 1928 esse
667 1899 754 1928 non
787 1893 956 1946 potest,
990 1903 1011 1923 «
1041 1881 1325 1927 Adduxerunt
1359 1880 1469 1926 servi
1510 1880 1648 1924 bonos
1680 1888 1742 1924 eti

355 1972 377 1993 >³
395 1952 554 2009 malos,
574 1975 595 1994 »
618 1954 705 1997 sive
725 1953 802 2015 qui
824 1952 1006 1997 laterent
1024 1988 1034 2007 ,
1069 1951 1156 1995 sive
1173 1950 1250 2013 qui
1267 1954 1359 2009 jam
1382 1949 1561 1995 adducti
1585 1959 1628 1993 et
1648 1949 1719 1993 in-
1740 1970 1741 1982 π

355 2022 539 2067 tromissi
561 2031 846 2085 apparerent3
876 2021 962 2066 sive
976 2057 988 2077 ,
1014 2041 1035 2060 α
1054 2021 1197 2065 Bonos
1221 2030 1263 2064 et
1282 2018 1416 2064 malos
1435 2040 1455 2060 ν,
1476 2018 1642 2063 dictum
1663 2027 1742 2062 est·

355 2091 592 2138 secundum
617 2091 853 2154 quamdam
880 2090 1121 2136 humanam
1146 2088 1514 2135 conversationem
1533 2124 1543 2143 ,
1569 2087 1615 2132 in
1638 2102 1723 2150 qua

355 2162 484 2206 etiam
506 2160 537 2206 ii
555 2161 630 2223 qui
646 2160 842 2206 nondum
866 2159 1143 2205 crediderunt
1161 2195 1172 2214 ,
1198 2157 1266 2204 vel
1290 2156 1458 2202 laudari
1475 2155 1541 2202 vel
1557 2156 1740 2218 vitupe·'

357 2231 443 2276 rari
466 2231 615 2277 solent.
646 2232 677 2276 ἱ
680 2231 769 2276 nde
785 2241 848 2276 est
869 2231 996 2276 etiam
1019 2240 1061 2274 et
1083 2228 1193 2274 illud
1211 2227 1330 2291 quod
1348 2227 1562 2272 Dominus
1580 2234 1741 2271 monet?

360 2299 634 2362 Discipulos,
656 2317 764 2362 quos
784 2299 840 2345 ad
860 2298 1142 2358 Evangelium
1163 2295 1495 2375 praedicandum
1523 2295 1725 2358 primitus

363 2368 523 2424 mittit,
561 2379 609 2414 ut
639 2369 683 2414 in
706 2385 1026 2432 quamcumque
1047 2367 1244 2413 venerint
1261 2366 1501 2421 civitatem,
1529 2371 1740 2427 quaerant}

366 2438 463 2501 quis
482 2405 570 2483 illic
593 2437 747 2497 dignus
763 2437 866 2494 sit7,
893 2448 941 2483 ut
958 2437 1077 2500 apud
1097 2454 1195 2482 eum
1220 2436 1447 2491 habitent,
1473 2434 1609 2480 donec
1626 2430 1740 2493 inde}

417 2532 427 2553 ¹
459 2542 472 2562 1
495 2533 567 2563 Cor.
591 2543 633 2569 νη
666 2542 717 2563 ιο.
745 2550 785 2555 —-
808 2530 823 2553 ²
849 2543 860 2562 1
889 2524 1739 2573 Tim.1‚1o,11.-—³Luc.x1v‚16..—-⁴Matlli

370 2582 750 2624 xx11,2.——51-uc.x1v‚
771 2594 826 2617 21.
843 2601 884 2607 —
904 2581 1049 2616 ssMauh.
1070 2593 1142 2621 xm,
1159 2583 1216 2615 28.
1232 2580 1302 2609 -7
1324 2579 1372 2613 Id.
1391 2590 1422 2617 x,
1447 2590 1497 2612 ιι.
