1758 3246
497 300 552 331 Dr.
587 300 839 341 nemmem,
876 301 963 333 mn.
1006 302 1038 333 1.
1347 289 1437 348 451

77 367 380 425 interrogante.
407 364 650 427 Septimum
669 402 679 421 ‚
702 364 822 428 quod
841 376 883 410 et
906 365 1016 410 nulli
1037 365 1185 423 obest,
1206 378 1247 413 et
1270 369 1447 432 prodest

80 437 207 483 alicui
227 454 237 480 :
263 445 440 497 excepto
457 434 491 478 si
508 433 639 492 judex
663 436 896 494 interrogat
917 452 927 478 ε
950 434 1068 479 velut
1086 436 1119 480 si
1137 437 1286 484 nolens
1304 440 1447 486 homi-

78 524 176 553 nem
201 504 255 550 ad
278 514 459 548 mortem
479 514 709 565 quaesitum
733 503 939 567 prodere,
969 505 1226 559 mentiatur3
1259 526 1347 553 non
1372 527 1445 554 so-

77 578 168 621 lum
191 579 359 633 justum
380 583 507 634 atque
532 573 804 618 innocentem
821 611 831 629 ‚
859 573 932 618 sed
947 585 990 618 et
1007 590 1151 628 reum3
1178 578 1281 637 quia
1312 579 1447 624 chris-

78 648 206 692 tianae
228 642 470 705 disciplinae
490 643 570 698 sit,
599 654 647 688 ut
672 660 810 707 neque
831 643 884 688 de
901 647 1155 706 cujusquam
1182 649 1447 694 correctione

78 717 350 778 desperetur,
385 730 523 775 neque
548 714 753 776 cuiquam
780 713 1027 776 poenitendi
1061 714 1200 760 aditus
1234 716 1448 763 interclu—

78 786 221 832 datur.
254 784 316 828 De
340 783 500 845 quibus
517 783 691 828 duobus
713 784 939 843 generibus
957 820 968 839 ‚
995 801 1095 847 quae
1119 785 1256 831 solent
1289 787 1449 834 habere

77 871 277 915 magnam
295 855 631 899 controversiam
651 891 661 909 ‚
691 855 790 899 satis
815 855 1092 900 tractavimus
1106 893 1116 911 ‚
1143 857 1307 919 etquid
1324 858 1451 904 nobis

77 924 266 987 placeret
286 923 549 968 ostendimus
575 941 585 967 ε
614 934 663 968 ut
683 924 966 987 suscipiendis
988 925 1420 973 incommoditatibus
1437 966 1447 984 ‚

78 1011 177 1057 quae
199 993 380 1038 honeste
404 1010 453 1039 ac
483 993 653 1038 fortiter
678 994 917 1040 tolerantur
935 1032 946 1050 ‚
972 995 1070 1040 haec
1100 1013 1273 1060 quoque
1296 1015 1451 1057 genera

77 1065 322 1110 devitentur
347 1081 370 1109 a
406 1062 594 1109 fortibus
623 1075 665 1109 et
701 1064 903 1112 fidelibus
937 1076 979 1110 et
1009 1067 1238 1112 veracibus
1260 1069 1363 1113 viris
1400 1085 1449 1114 ac

75 1134 281 1180 foeminis.
326 1134 545 1179 Octavum
576 1146 638 1179 est
664 1152 794 1193 genus
827 1136 1072 1191 mendacii,
1115 1137 1234 1200 quod
1268 1149 1309 1183 et
1341 1138 1453 1184 nulli

77 1204 224 1259 obest,
255 1214 296 1248 et
328 1203 383 1248 ad
405 1204 491 1249 hoc
523 1204 702 1265 prodest
721 1241 731 1259 ,
769 1216 816 1249 ut
839 1206 895 1249 ab
927 1206 1205 1251 immunditia
1234 1207 1451 1269 corporali

77 1273 265 1334 aliquem
296 1282 498 1327 tueatur,
533 1272 742 1317 duntaxat
776 1291 824 1318 ea
858 1291 991 1337 quam
1020 1276 1215 1337 superius
1256 1294 1450 1323 comme-

77 1342 352 1388 nmravimus.
387 1343 499 1387 Nam
522 1343 651 1387 etiam
680 1360 767 1388 non
792 1343 891 1389 lotis
923 1345 1125 1389 manibus
1154 1346 1417 1392 manducare
1436 1385 1447 1404 ‚

75 1410 398 1456 immunditiam
417 1412 636 1474 putabant
660 1412 846 1460 Judaei1.
875 1416 962 1458 Aut
979 1415 1011 1459 si
1028 1425 1069 1459 et
1088 1414 1205 1460 hanc
1221 1417 1452 1480 quisquam

76 1481 399 1527 immunditiam
422 1492 548 1527 vocat
568 1519 578 1537 ,
600 1499 687 1527 non
710 1493 853 1528 tamen
874 1484 1000 1528 talem
1016 1521 1025 1539 ‚
1047 1502 1128 1547 pro
1146 1503 1232 1548 qua
1252 1487 1453 1533 evitanda

77 1552 374 1597 mentiendum
396 1552 462 1598 sit.
491 1552 537 1597 Si
561 1563 704 1597 autem
724 1553 999 1599 mendacium
1018 1555 1100 1599 tale
1121 1566 1182 1600 est
1200 1592 1210 1610 ,
1235 1557 1355 1619 quod
1377 1557 1452 1603 ali-

77 1621 146 1666 cui
169 1620 299 1666 faciat
329 1622 558 1680 injuriam,
588 1623 754 1667 etiamsi
781 1624 836 1669 ab
869 1624 954 1668 hac
985 1624 1290 1682 immunditia,
1319 1644 1451 1689 quam

78 1708 223 1736 omnes
247 1691 446 1736 homines
469 1692 710 1737 abhorrent
729 1710 778 1738 ac
800 1693 1068 1738 detestantur
1083 1731 1093 1750 ,
1117 1696 1284 1740 muniat
1309 1696 1451 1742 homi—

77 1777 202 1812 nem3
224 1771 373 1805 utrum
397 1771 439 1805 et
467 1760 555 1806 hoc
586 1779 735 1820 genere
760 1762 1058 1807 mentiendum
1082 1764 1161 1819 sit,
1200 1765 1233 1809 si
1258 1765 1350 1810 talis
1375 1767 1451 1811 fiat

76 1830 234 1889 injuria
257 1848 335 1893 per
358 1831 636 1876 mendacium
653 1868 664 1887 ‚
700 1849 799 1895 quae
832 1849 920 1877 non
956 1833 1009 1877 sit
1037 1834 1082 1878 in
1118 1850 1167 1878 eo
1190 1852 1340 1894 genere
1363 1836 1451 1880 im-

77 1899 304 1947 munditiae
319 1937 329 1955 ,
366 1899 419 1945 de
443 1917 531 1963 quo
554 1917 671 1945 nunc
706 1902 892 1960 agimus,
925 1902 1007 1947 alia
1029 1905 1211 1966 quaestio
1235 1914 1295 1948 est
1319 1922 1329 1948 ι
1360 1921 1448 1949 non

76 1970 190 2015 euim
213 1975 304 2030 jam
337 1970 391 2015 de
417 1970 646 2016 mendacio
678 1973 915 2034 quaeritur,
957 1972 1029 2017 sed
1063 1973 1275 2035 quaeritur
1302 1985 1451 2019 utrum

77 2040 208 2085 alicui
230 2040 429 2085 facienda
449 2042 503 2086 sit
528 2041 688 2099 injuria
714 2043 844 2087 etiam
868 2059 956 2087 non
982 2059 1061 2105 per
1079 2043 1378 2098 mendacium,
1403 2055 1451 2089 ut

76 2110 150 2156 illa
173 2111 229 2156 ab
248 2111 381 2157 altero
403 2112 682 2157 immunditia
713 2113 969 2176 depellatur.
1012 2113 1143 2170 Quod
1173 2114 1293 2160 nullo
1317 2113 1448 2159 modo

76 2181 321 2244 putaverim
343 2199 354 2226 :
378 2199 629 2244 quanquam
661 2195 968 2245 proponantur
1002 2184 1230 2229 levissimae
1250 2185 1445 2244 injuriae,

77 2250 211 2298 veluti
233 2262 296 2296 est
313 2251 385 2296 ina
409 2269 539 2314 quam
559 2252 612 2297 de
638 2269 725 2297 uno
751 2253 897 2299 modio
919 2254 1072 2299 amisso
1099 2271 1230 2316 supra
1254 2270 1449 2299 comme-

78 2321 274 2367 moravi:
301 2332 342 2366 et
366 2322 554 2367 multum
590 2324 848 2385 perturbent
865 2361 876 2379 ,
914 2335 1060 2369 utrum
1096 2341 1185 2368 non
1214 2323 1447 2368 debeamus

76 2389 214 2436 faeere
231 2392 437 2454 cuiquam
455 2392 523 2437 vel
540 2392 667 2437 talem
690 2394 893 2452 injuriam
908 2431 918 2449 ‚
942 2395 974 2438 si
1001 2412 1049 2438 ea
1072 2403 1213 2455 potest
1234 2392 1339 2437 alius
1355 2429 1366 2448 ,
1393 2409 1446 2437 ne

78 2471 277 2523 stuprum
292 2461 507 2523 patiatur,
532 2461 705 2506 defendi
726 2473 799 2507 aut
816 2464 990 2508 muniri.
1018 2462 1101 2506 Sed
1117 2498 1127 2516 ‚
1154 2471 1202 2506 ut
1223 2461 1308 2505 dixi
1325 2498 1335 2516 ‚
1361 2461 1444 2506 alia

76 2530 258 2594 quaestio
279 2541 342 2575 est
365 2547 376 2575 ε
406 2547 524 2576 nunc
548 2531 658 2577 illud
678 2532 797 2596 quod
827 2532 1092 2578 instituimus
1109 2568 1118 2583 ‚
1150 2547 1406 2594 peragamus
1428 2547 1440 2578 ς

127 2615 137 2637 ¹
155 2613 270 2646 Manli.
288 2625 342 2651 xv,
361 2624 416 2646 πο.

1239 2680 1312 2726 29.
