1758 3246
310 276 399 338 19ss
736 289 771 319 5.
814 288 1057 319 AUGUSTINI
1093 289 1295 318 EPISCOPI

302 355 524 410 humana,
549 353 582 399 si
607 354 798 400 vincitur
817 372 840 399 a
864 371 1045 417 corpore
1064 371 1139 399 suo
1165 372 1175 398 :
1197 353 1407 416 siquidem
1428 353 1473 398 in
1497 353 1572 400 illo
1590 354 1677 400 ho-

307 425 423 470 mine
439 442 525 470 non
549 425 777 470 reformata
804 435 887 479 est,
915 425 960 469 in
981 442 1067 487 quo
1092 425 1234 487 ipsum
1255 440 1413 486 corpus
1435 423 1679 469 humanum

296 498 389 554 jam
415 495 669 555 dignitatem
684 495 834 540 formae
856 494 1039 539 coelestis
1065 495 1246 557 accepit.
1282 493 1367 538 Sed
1387 494 1498 538 absit
1522 504 1570 538 ut
1591 494 1678 539 hoe

306 564 555 621 credamus,
604 564 724 627 quod
746 565 956 610 confinxit
982 564 1203 609 temeraria
1232 563 1405 608 caecitas
1427 573 1468 608 et
1491 563 1678 625 superba

305 634 560 698 loquacitas.

367 706 511 751 XXII.
545 706 634 749 Nec
657 722 726 749 005
745 704 971 750 audiamus
996 705 1072 768 qui
1093 705 1151 749 sic
1172 705 1326 750 dieunt
1347 703 1403 746 ab
1429 702 1502 747 illa
1521 712 1680 747 aeterna

303 776 527 838 Sapientia
553 785 800 837 susceptum
824 792 910 819 0550
934 775 1156 820 hominem
1172 812 1183 829 ,
1211 773 1285 838 qui
1309 772 1362 817 de
1374 771 1539 831 Virgine
1556 783 1682 817 natus

303 856 389 900 cst,
418 844 638 908 quomodo
677 855 719 889 et
739 844 807 889 alii
845 845 1042 889 homines
1063 845 1118 889 ab
1148 863 1195 890 ea
1218 843 1430 906 sapientes
1450 843 1584 896 fiunt,
1605 842 1681 905 qui

300 914 489 978 perfecte
519 914 728 977 sapientes
762 925 874 960 sunt.
919 915 1128 960 Nesciunt
1153 915 1264 959 enim
1302 912 1531 975 proprium
1569 912 1682 957 illius

301 986 490 1030 hominis
507 995 822 1029 sacramentum
841 1021 851 1040 ,
879 995 1089 1047 etputant
1106 986 1192 1030 1100
1207 984 1344 1030 solum
1361 999 1458 1027 eum
1479 982 1578 1045 plus
1604 982 1682 1027 ha-

300 1055 442 1100 buisse
465 1055 578 1098 inter
602 1065 780 1099 caeteros
794 1055 1060 1100 beatissimos
1077 1092 1086 1109 ‚
1120 1055 1239 1118 quod
1280 1054 1332 1100 de
1368 1053 1534 1111 virgine
1557 1063 1684 1097 natus

301 1136 376 1170 est.
407 1124 538 1179 Quod
563 1124 706 1186 ipsum
741 1125 773 1169 si
804 1125 913 1169 bene
937 1126 1209 1170 considerent
1229 1163 1239 1181 ‚
1275 1123 1466 1169 fortassis
1505 1121 1684 1167 credant

302 1194 401 1240 ideo
421 1194 544 1238 illum
570 1194 656 1239 hoc
692 1205 853 1256 prater
890 1205 1066 1240 caeteros
1100 1195 1303 1240 meruisse
1322 1231 1332 1249 ,
1373 1192 1490 1255 quod
1519 1191 1684 1255 aliquid

303 1264 534 1326 proprium
581 1274 739 1326 praeter
776 1274 953 1308 caeteros
989 1265 1124 1309 habet
1160 1265 1288 1309 etiam
1328 1263 1408 1308 ista
1446 1262 1675 1325 susceptio,

306 1333 436 1378 Aliud
461 1344 523 1378 est
544 1334 657 1378 enim
692 1335 928 1396 sapientem
968 1345 1136 1380 tantum
1173 1335 1263 1379 fieri
1310 1350 1387 1396 per
1428 1332 1684 1395 sapientiam

304 1404 408 1459 Dei,
447 1414 486 1447 et
517 1403 634 1448 aliud
672 1404 811 1466 ipsam
843 1420 1069 1466 personam
1104 1405 1310 1449 sustinere
1341 1403 1565 1464 sapientiae
1587 1397 1677 1449 Deiss

306 1474 515 1529 Quamx‘is
539 1474 653 1518 enim
672 1473 818 1518 eadem
838 1485 990 1518 natura
1008 1476 1062 1519 sit
1089 1475 1283 1537 corporis
1309 1472 1516 1518 Ecclesiae
1534 1510 1545 1527 ‚
1567 1471 1684 1517 mul-

306 1555 399 1588 tum
420 1554 563 1587 tamen
582 1543 739 1587 distare
753 1544 865 1587 inter
886 1555 1023 1607 caput
1042 1555 1083 1589 et
1100 1545 1295 1590 membra
1309 1553 1465 1588 caetera
1483 1543 1578 1604 quis
1598 1560 1686 1587 non

306 1613 547 1672 intelligat?
571 1614 616 1658 Si
639 1613 754 1658 enim
784 1613 990 1659 Ecclesiae
1010 1625 1146 1677 eaput
1184 1625 1247 1660 est
1276 1614 1410 1659 homo
1432 1612 1526 1668 ille,
1558 1617 1683 1673 cujus

307 1684 578 1746 susceptione
604 1684 828 1729 «Verbum
849 1701 950 1729 caro
968 1684 1130 1730 factum
1158 1696 1220 1729 est
1247 1695 1288 1729 et
1311 1683 1529 1729 habitavit
1541 1682 1586 1728 in
1602 1701 1686 1728 no-

309 1775 329 1795 »
349 1755 417 1799 }›is
434 1754 474 1806 ¹3
498 1776 516 1794 »
542 1754 736 1798 membra
754 1764 910 1799 caetera
928 1765 1028 1800 sunt
1054 1773 1200 1800 omnes
1224 1755 1379 1809 sancti,
1403 1753 1565 1816 quibus
1581 1771 1686 1816 per—

307 1826 455 1869 ficitur
478 1835 520 1868 et
542 1824 786 1887 completur
813 1824 1018 1871 Ecclesia.
1055 1824 1286 1881 Quomodo
1310 1841 1408 1883 ergo
1438 1824 1581 1868 anima
1616 1834 1686 1869 to-

309 1905 401 1940 tum
428 1911 587 1956 corpus
612 1905 808 1939 nostrum
836 1895 999 1939 animat
1018 1906 1060 1939 ct
1080 1896 1295 1949 vivificat,
1316 1894 1389 1939 sed
1414 1894 1459 1939 in
1479 1894 1621 1957 capite
1645 1905 1687 1939 et

308 1964 495 2009 videndo
510 1965 636 2008 sentit
653 2002 662 2020 ‚
694 1975 735 2008 et
755 1964 993 2020 audiendo,
1028 1976 1069 2010 et
1094 1965 1318 2011 odorando
1339 2002 1349 2020 ,
1377 1974 1418 2009 et
1442 1964 1655 2023 gustando
1672 2002 1682 2022 ‚

309 2045 349 2079 et
366 2034 596 2093 tangendo,
622 2035 665 2079 in
679 2035 845 2079 cacteris
866 2046 1008 2080 autem
1032 2036 1238 2080 membris
1259 2034 1473 2094 tangendo
1492 2045 1684 2088 tantum3

310 2114 350 2149 et
376 2103 472 2148 ideo
497 2104 630 2166 capiti
649 2115 805 2149 cuncta
827 2105 1022 2163 subjecta
1053 2116 1151 2150 sunt
1176 2105 1229 2150 ad
1254 2104 1523 2167 operandum
1540 2142 1550 2159 ‚
1576 2105 1687 2150 illud

312 2184 452 2218 autem
475 2189 606 2236 supra
629 2173 892 2218 collocatum
911 2184 972 2218 est
994 2174 1048 2219 ad
1067 2175 1406 2227 consulendum3
1432 2175 1532 2236 quia
1551 2175 1687 2238 ipsius

311 2244 464 2288 animae
480 2280 490 2299 ,
516 2260 615 2306 quae
632 2244 817 2289 consulit
853 2245 1027 2307 corpori
1044 2282 1053 2299 ‚
1083 2245 1273 2308 quodam
1299 2245 1429 2290 modo
1453 2263 1686 2307 personam

310 2312 661 2375 sustinetcaput„
686 2315 747 2359 ibi
777 2315 892 2359 enim
928 2316 1067 2360 omnis
1100 2333 1243 2361 sensus
1274 2326 1478 2378 apparet:
1506 2316 1566 2361 sic
1584 2318 1685 2362 uni—

310 2399 431 2428 verso
462 2383 625 2445 populo
650 2395 899 2428 sanctorum
932 2397 1139 2447 tanquam
1160 2386 1233 2430 uni
1254 2385 1427 2447 corpori
1451 2396 1586 2446 caput
1625 2397 1688 2431 est

315 2451 525 2497 Mediator
556 2454 626 2498 Dei
663 2465 705 2499 et
740 2453 971 2499 hominum
1007 2454 1140 2499 1101110
1180 2454 1380 2499 Christus
1408 2454 1579 2500 3051152.
1631 2456 1686 2499 Et

313 2531 544 2584 propterea
558 2522 778 2586 Sapientia
796 2523 872 2568 Dei
891 2560 901 2573 ,
918 2534 959 2568 et
976 2524 1167 2569 Verbum
1179 2524 1225 2569 in
1243 2523 1460 2587 principio
1475 2540 1551 2587 per
1564 2524 1683 2587 quod

363 2604 526 2641 ι1»)ε111.1,
548 2612 599 2641 14.
617 2605 690 2629 ...2
711 2617 721 2637 1
739 2606 822 2638 Tim.
841 2616 878 2645 11,
897 2608 928 2640 5,
