1758 3246
306 301 362 334 nr„
399 300 693 333 DIVINATIONE
730 300 983 343 nffliioxmi,
1024 302 1110 333 Ltss.
1155 302 1182 333 1.
1355 287 1447 349 589

81 366 207 416 bonis
227 378 270 414 et
290 377 435 414 sancta
461 365 620 431 pietate
654 365 851 431 praeditis
887 366 1168 413 hominihus?
1206 368 1317 424 Quae
1353 367 1449 414 ideo

82 438 445 495 commemoravi,
471 438 610 502 utqui
633 438 730 484 haec
754 438 842 484 sine
862 438 1105 501 pervicacia
1137 449 1179 484 et
1212 439 1300 484 sine
1337 456 1445 484 vana

81 509 304 556 resistendi
329 509 598 554 animositate
623 509 894 564 considerat,
931 509 1059 554 simul
1094 510 1285 569 cogitet,
1327 510 1360 554 si
1397 510 1449 555 de

83 581 335 640 subjacente
352 579 557 625 crassiore
572 580 746 625 materia
760 579 827 625 vel
847 580 911 624 sui
931 579 1058 642 quisq
1066 596 1114 624 ue
1138 581 1330 642 corporis
1349 619 1359 638 ,
1384 582 1446 627 vel

82 661 208 696 tcrrae
231 660 273 695 et
306 666 455 713 aquae,
482 648 679 711 lapidum
705 659 831 711 atque
851 648 1065 708 lignorum
1094 649 1450 714 metallorumque

81 721 325 775 variorum,
373 729 489 764 tanta
523 718 703 782 quidam
735 719 931 764 homines
969 730 1181 782 possunt,
1223 730 1271 765 ut
1295 737 1364 765 eos
1386 721 1449 766 illi

82 791 157 853 qui
179 790 277 835 haec
300 805 388 834 non
410 799 590 851 possunt
611 825 621 844 ‚
650 789 906 851 plerumque
931 788 1164 851 stupendo,
1190 789 1234 834 in
1250 791 1314 835 sui
1333 807 1450 836 com-

81 860 306 923 paratione
329 858 499 905 divinos
517 869 697 914 vocent,
727 875 827 904 cum
846 858 1024 921 quidam
1049 858 1221 904 illorum
1247 860 1331 905 sint
1351 861 1450 906 arti-

80 930 163 976 bus
204 928 466 994 potentiores
482 965 493 984 ,
537 928 716 992 quidam
757 928 936 973 istorum
980 929 1176 975 moribus
1221 930 1414 976 meliores
1435 951 1446 984 ;

81 1010 245 1063 quanto
269 1002 432 1058 majora
461 1008 502 1044 et
526 998 791 1044 mirabiliora
818 1016 898 1062 pro
929 999 1196 1045 subtilissimi
1223 1002 1416 1065 corporis
1434 1039 1445 1058 ‚

80 1070 126 1116 id
146 1080 228 1126 est,
259 1070 365 1115 aerii
382 1069 588 1114 facultate
608 1086 656 1115 ac
674 1068 880 1115 facilitate
898 1069 1114 1115 daemones
1130 1071 1295 1133 possint
1312 1108 1323 1128 ,
1351 1089 1450 1118 cum

81 1151 224 1186 tamen
264 1140 350 1185 sint
382 1139 617 1185 voluntatis
652 1139 864 1202 pravitate
880 1176 890 1195 ,
930 1141 1196 1203 maximeque
1235 1142 1450 1204 superbiae

79 1210 192 1257 fastu
213 1221 255 1256 et
274 1209 525 1255 invidentiae
556 1209 717 1254 malitia
754 1209 927 1273 spiritus
950 1211 1166 1255 immundi
1190 1221 1316 1274 atque
1347 1229 1450 1275 per-

81 1282 205 1328 versi.
217 1281 442 1337 Quantum
456 1290 597 1325 autem
616 1279 755 1325 valcat
774 1281 884 1325 a'e'ris
904 1280 1179 1336 elementum,
1195 1298 1282 1344 quo
1298 1299 1448 1328 eorum

81 1369 263 1415 corpora
288 1350 554 1414 praevalent,
583 1349 637 1395 ad
661 1349 797 1395 multa
824 1350 1012 1395 visibilia
1052 1351 1325 1397 invisibiliter
1352 1370 1450 1398 mo—

78 1421 221 1467 lienda
240 1458 251 1477 ,
278 1419 492 1466 movenda
512 1456 522 1475 ,
549 1419 760 1465 mutanda
787 1430 915 1482 atque
935 1420 1142 1466 versanda
1157 1458 1168 1476 ‚
1194 1421 1370 1482 longum
1391 1435 1451 1469 cst

79 1508 196 1537 nunc
214 1491 532 1543 demonstrare3
555 1500 593 1536 et
614 1500 723 1552 puto
743 1490 861 1553 quod
877 1490 943 1536 vel
965 1490 1238 1536 mediocriter
1257 1493 1450 1539 conside-

79 1563 193 1608 ranti
215 1560 340 1607 facile
357 1571 571 1607 occurrat.

145 1633 222 1679 IX.
263 1632 375 1688 Quae
389 1648 490 1676 cum
508 1631 568 1676 ita
581 1631 682 1687 sint,
698 1631 890 1694 primum
910 1632 1133 1678 sciendum
1148 1644 1225 1690 est,
1242 1635 1448 1698 quoniam

80 1703 134 1749 de
151 1702 417 1749 divinatione
440 1700 692 1746 daemonum
713 1701 896 1764 quaestio
910 1713 972 1747 est
986 1739 997 1757 ‚
1015 1702 1108 1748 illos
1126 1720 1174 1749 ea
1195 1704 1450 1769 plerumque

78 1773 373 1838 praenuntiare
396 1788 495 1835 quae
512 1771 596 1834 ipsi
613 1770 771 1817 facturi
798 1783 911 1819 sunt.
939 1773 1175 1836 Accipiunt
1194 1775 1307 1820 enim
1335 1792 1449 1839 saepe

80 1853 335 1909 potestatem
350 1852 391 1887 et
404 1841 579 1887 morbos
596 1841 849 1898 immittere,
866 1852 907 1887 et
927 1842 1071 1905 ipsum
1091 1848 1233 1890 aerem
1256 1845 1449 1893 vitiando

79 1913 334 1961 morbidum
360 1912 560 1968 reddere,
588 1922 628 1957 et
647 1914 856 1976 perversis
878 1924 1006 1976 atque
1027 1916 1293 1960 amatoribus
1312 1927 1448 1962 terre—

82 2002 236 2031 norum
260 1981 587 2029 commodorum
609 1982 832 2028 malefacta
859 1983 1060 2037 suaderc;
1084 1983 1136 2029 de
1163 2002 1347 2048 quorum
1363 2004 1454 2032 mo-

82 2057 205 2102 ribus
231 2055 337 2100 certi
360 2063 460 2099 sunt
479 2090 488 2106 ‚
512 2052 631 2116 quod
653 2053 736 2098 sint
756 2053 814 2099 eis
841 2054 938 2099 talia
964 2054 1247 2101 suadentibus
1271 2074 1453 2103 consen-

82 2127 184 2173 suri.
209 2124 402 2171 Suadent
427 2134 569 2169 autem
587 2123 705 2169 miris
727 2134 769 2169 et
787 2124 1079 2170 invisibilibus
1092 2125 1230 2171 modis
1242 2144 1320 2189 per
1334 2128 1451 2173 illam

83 2196 367 2243 subtilitatem
407 2211 582 2240 suorum
611 2211 847 2257 corporum
881 2212 1066 2258 corpora
1098 2195 1327 2243 hominum
1366 2216 1453 2244 non

82 2267 357 2313 sentientium
396 2264 663 2328 penetrando
685 2303 696 2323 ‚
731 2283 902 2328 seseque
936 2266 1270 2325 cogitationibus
1304 2286 1453 2314 corum

81 2355 160 2401 per
182 2335 385 2400 quaedam
409 2335 660 2394 imaginaria
681 2335 768 2381 visa
789 2335 1010 2381 miscendo
1028 2373 1039 2391 ‚
1074 2337 1159 2381 sive
1181 2337 1451 2396 vigilantium

84 2408 170 2454 sive
193 2406 517 2452 dormientium.
552 2404 797 2469 Aliquando
823 2417 963 2452 autem
1007 2424 1095 2451 non
1128 2424 1228 2469 quae
1266 2407 1349 2471 ipsi
1384 2410 1453 2456 fa-

85 2480 234 2534 ciunt,
269 2476 340 2522 sed
372 2493 470 2539 quae
500 2476 771 2522 naturalibus
802 2477 932 2536 signis
959 2476 1106 2522 futura
1136 2492 1417 2540 praenoscunt
1438 2519 1450 2539 ‚

85 2565 186 2612 quae
212 2548 330 2607 signa
354 2546 400 2591 in
418 2545 647 2591 hominum
668 2563 812 2592 sensus
832 2547 976 2593 venire
998 2563 1087 2592 non
1105 2558 1315 2611 possunt,
1356 2562 1455 2598 ante

89 2616 353 2682 praedicunt.
387 2616 537 2676 Neque
560 2615 672 2662 enim
703 2616 803 2678 quia
840 2615 1053 2679 praevidet
1075 2616 1293 2673 medicus,
1331 2620 1452 2682 quod
