1758 3246
270 285 364 342 534
695 299 729 328 s.
773 298 1014 332 AUGUSTINI
1049 299 1251 332 Emscom

267 387 288 407 ³>
311 363 604 419 lucrifacerem
623 382 635 418 ;
658 362 708 408 iis
721 363 900 426 quisine
921 362 1011 422 lege
1027 374 1128 415 sunt
1146 365 1270 428 quasi
1291 365 1380 411 sine
1403 366 1494 428 lege
1509 404 1520 425 ,
1541 384 1643 416 cum

267 457 288 477 ))
315 435 404 480 sine
419 434 508 494 lege
529 434 606 479 Dei
623 450 709 479 non
730 434 809 478 sim
824 471 834 488 ‚
861 433 933 478 sed
953 434 1095 479 simin
1119 434 1209 494 lege
1231 436 1412 493 Christi,
1437 449 1486 484 ut
1504 437 1638 485 lucri-

270 527 290 546 »
314 504 499 563 facerem
522 521 593 549 eos
613 505 689 568 qui
713 504 800 557 sine
818 504 907 563 lege
925 515 1025 549 sunt
1040 503 1073 551 1.
1101 526 1121 547 »
1146 506 1277 562 Quod
1295 525 1383 553 non
1407 508 1640 556 simulandi

269 575 455 621 versutia
473 574 660 621 faciebat
679 612 689 631 ,
722 575 795 621 sed
815 575 1117 637 compatiendi
1138 576 1429 625 misericordia
1447 599 1458 633 ;
1487 579 1533 625 id
1555 590 1644 636 est,

268 663 358 692 non
384 646 508 710 quasi
530 657 579 692 ut
592 663 634 691 se
661 647 840 706 fingeret
872 646 1077 692 Judaeum
1099 684 1110 703 ‚
1157 647 1267 693 sicut
1290 649 1490 696 nonnulli
1520 661 1649 714 puta-

272 728 429 764 verunt
444 718 462 746 2
481 717 583 780 quia
605 717 795 776 legitima
818 727 960 773 vetera
982 717 1260 780 jerosolymis
1281 720 1539 767 observavit.
1570 721 1649 766 Fe-

274 788 334 834 cit
360 788 474 834 enim
498 788 584 834 hoc
610 785 849 832 secundum
876 787 1058 832 liberam
1090 798 1131 832 et
1168 788 1435 835 manifestam
1478 800 1651 836 senten-

273 858 379 903 tiam
408 874 529 903 suam
549 893 560 913 ,
579 857 625 902 111
641 873 728 920 qua
742 856 849 903 dicit
868 873 879 900 ι
906 856 1234 903 «Circumcisus
1252 858 1348 921 quis
1368 871 1545 906 vocatus
1564 863 1652 905 est?

278 949 299 968 ›>
322 945 410 973 non
434 927 622 973 adducat
642 928 910 990 praeputium
928 926 969 972 3:
995 948 1014 969 >2
1032 927 1078 972 id
1098 938 1175 984 est,
1192 945 1280 973 non
1303 929 1362 974 sic
1376 930 1511 987 vivat,
1530 930 1655 994 quasi

279 998 547 1061 praeputium
575 997 830 1053 adduxerit,
855 1007 898 1042 et
920 996 966 1043 id
993 996 1113 1059 quod
1140 997 1380 1043 nudaverat
1403 1000 1574 1045 texerit:
1597 1000 1650 1046 si·-

281 1079 357 1113 cut
382 1068 465 1114 alio
493 1068 590 1114 loco
632 1068 740 1113 dicit
769 1085 780 1113 :
809 1068 1098 1113 Circumcisio
1139 1078 1209 1114 tua
1244 1070 1513 1132 praeputium
1542 1068 1657 1116 facta

280 1160 301 1181 2>
325 1138 445 1184 esth:
464 1160 484 1180 ›>
518 1139 768 1185 Secundum
800 1139 917 1184 hanc
959 1155 1060 1197 ergo
1101 1139 1354 1184 sententiam
1383 1156 1533 1196 suam,
1571 1157 1658 1203 qua

281 1209 409 1256 dicit:
458 1230 478 1250 «
504 1209 796 1255 Circumcisus
841 1210 937 1271 quis
986 1218 1166 1253 vocatus
1208 1212 1306 1254 est?
1340 1227 1429 1256 non
1470 1210 1659 1259 adducat

287 1301 307 1321 »
329 1279 612 1342 praeputium.
639 1280 690 1324 111
705 1279 926 1342 praeputio
946 1278 1044 1341 quis
1061 1288 1239 1323 vocatus
1256 1281 1350 1324 est?
1369 1296 1457 1325 non
1472 1280 1659 1326 circum-

286 1371 307 1391 »
332 1350 503 1395 cidatur
523 1368 533 1394 ε
557 1372 576 1391 »
598 1349 701 1395 fecit
724 1349 796 1394 illa
825 1365 923 1412 quae
946 1365 1035 1393 non
1056 1348 1396 1408 intelligentibus
1430 1360 1473 1394 et
1502 1366 1659 1413 parum

290 1419 612 1466 attendentibus
637 1420 803 1465 finxisse
829 1430 1008 1482 putatus
1041 1429 1115 1464 est.
1147 1418 1326 1463 Judaeus
1360 1419 1473 1464 enim
1493 1430 1584 1465 erat
1620 1430 1661 1465 et

294 1490 577 1549 circumcisus
594 1500 802 1535 vocatus:
819 1489 960 1534 noluit
979 1488 1193 1534 adducere
1204 1489 1470 1552 praeputium
1487 1527 1498 1546 ‚
1515 1490 1561 1535 id
1579 1500 1658 1546 est,

292 1561 432 1606 noluit
454 1561 513 1606 ita
533 1561 674 1606 vivere
699 1577 747 1606 ac
771 1560 805 1605 si
825 1559 1107 1605 circumcisus
1131 1575 1220 1604 non
1265 1570 1385 1606 esset.
1429 1561 1526 1606 Hoc
1547 1559 1661 1606 enim

287 1636 379 1692 jam
397 1632 442 1677 111
472 1642 681 1694 potestate
703 1630 913 1677 habebat.
961 1631 1018 1675 Et
1044 1630 1126 1675 sub
1146 1630 1237 1690 lege
1260 1630 1437 1693 quidem
1461 1648 1550 1677 non
1573 1641 1665 1677 erat

293 1703 406 1759 sicut
427 1702 491 1748 illi
513 1703 589 1766 qui
617 1719 709 1748 eam
737 1701 944 1747 serviliter
963 1701 1283 1764 operabantur3
1322 1701 1396 1748 sed
1435 1712 1577 1748 tamen
1620 1702 1665 1748 in

295 1773 386 1833 lege
406 1774 485 1819 Dei
507 1783 549 1818 et
585 1773 764 1820 Christi.
792 1774 890 1818 Non
924 1773 1036 1817 enim
1058 1771 1139 1817 alia
1162 1771 1226 1816 lex
1244 1782 1334 1817 erat
1348 1771 1421 1818 illa
1448 1783 1490 1818 et
1509 1770 1666 1818 alialex

298 1845 407 1900 Dei,
435 1845 547 1890 sicut
578 1843 739 1907 perditi
773 1843 1005 1889 Manichaei
1035 1842 1171 1889 solent
1204 1841 1360 1889 dicere.
1397 1842 1602 1907 Alioquin
1632 1843 1665 1888 si

297 1931 399 1960 cum
423 1914 495 1960 illa
517 1915 644 1970 fecit,
672 1915 839 1959 finxisse
861 1912 1081 1976 putandus
1106 1922 1195 1966 est;
1230 1912 1352 1957 finxit
1385 1923 1426 1957 et
1448 1930 1667 1975 paganum

299 1996 341 2030 et
361 1985 619 2031 sacrificavit
641 1984 768 2041 idolis
784 2021 795 2039 ,
837 1984 940 2047 quia
966 1983 1073 2028 dicit
1094 1982 1259 2028 factum
1286 1999 1328 2028 se
1363 1981 1491 2028 fuisse
1518 1982 1569 2028 iis
1592 1982 1670 2046 qui

297 2056 385 2102 sine
402 2055 491 2115 lege
510 2066 610 2101 sunt
637 2055 761 2118 quasi
780 2056 868 2100 sine
888 2054 991 2114 lege.
1032 2054 1154 2110 Quos
1181 2052 1331 2116 utique
1363 2052 1535 2099 nonnisi
1570 2070 1669 2113 gen-

293 2125 388 2173 tiles
405 2163 416 2181 ,
439 2142 547 2188 quos
567 2141 759 2188 paganos
781 2124 984 2179 dicimus,
1012 2123 1107 2170 vult
1122 2123 1315 2183 intelligi.
1347 2123 1478 2170 Aliud
1495 2133 1557 2169 est
1570 2141 1669 2184 ergo

296 2213 382 2242 esse
424 2196 506 2241 sub
533 2195 648 2255 lege.
677 2195 793 2240 aliud
817 2196 862 2240 in
898 2195 1011 2255 lege,
1053 2194 1170 2240 aliud
1210 2194 1298 2239 sine
1321 2194 1424 2254 lege.
1462 2194 1555 2240 Sub
1578 2194 1669 2254 lege

294 2265 485 2312 carnales
503 2266 527 2310 J
534 2265 674 2311 udaei:
701 2265 747 2310 111
769 2265 859 2324 lege
886 2264 1100 2328 spiritales
1125 2275 1166 2310 et
1185 2268 1207 2310 J
1214 2264 1326 2310 udaei
1345 2275 1387 2316 et
1401 2264 1667 2320 ¹Christiani3

297 2336 413 2382 unde
445 2335 508 2381 illi
541 2346 818 2381 servaverunt
851 2352 1014 2380 morem
1039 2335 1162 2380 11111111
1198 2335 1391 2398 patrium
1410 2372 1420 2392 ‚
1448 2335 1521 2381 sed
1542 2352 1672 2381 onera

292 2407 462 2454 insolita
496 2406 772 2461 credentibus
799 2407 1000 2466 gentibus
1037 2424 1127 2451 non
1149 2407 1479 2469 imposuerunt3
1507 2416 1550 2451 et
1573 2405 1672 2451 ideo

293 2489 335 2524 et
357 2477 420 2524 illi
433 2477 680 2523 circumcisi
701 2487 802 2527 sunt
821 2494 831 2521 ε
871 2476 959 2521 51116
985 2475 1074 2536 lege
1108 2486 1248 2522 autem
1271 2486 1413 2536 gentes
1433 2491 1533 2539 quae
1558 2493 1672 2522 non—

344 2570 354 2591 1
379 2581 387 2600 1
407 2570 484 2601 Cor.
502 2579 547 2605 tx,
568 2580 621 2609 ¹9»
643 2575 671 2599 et
691 2579 777 2610 seqq.
795 2586 836 2591 -
856 2566 966 2598 2Vide
984 2569 1114 2599 Hieron.
1132 2567 1164 2599 in
1179 2569 1267 2612 epist.
1292 2579 1388 2612 mxxv,
1410 2568 1495 2600 inter
1514 2568 1669 2610 Augusti-

296 2623 474 2655 1115111115-
488 2619 501 2644 3
520 2634 532 2653 1
550 2624 623 2654 Cor.
642 2633 700 2661 vu,
725 2624 775 2654 18.
792 2639 836 2645 -
850 2619 863 2643 4
880 2624 974 2653 Rom.
990 2633 1030 2661 11,
1053 2623 1110 2655 25.
