<?xml version="1.0" encoding="UTF-8"?>
<!DOCTYPE html PUBLIC "-//W3C//DTD XHTML 1.0 Transitional//EN"
    "http://www.w3.org/TR/xhtml1/DTD/xhtml1-transitional.dtd">
<html xmlns="http://www.w3.org/1999/xhtml" xml:lang="en" lang="en">
 <head>
  <title>
</title>
<meta http-equiv="Content-Type" content="text/html;charset=utf-8" />
  <meta name='ocr-system' content='tesseract 3.04.00' />
  <meta name='ocr-capabilities' content='ocr_page ocr_carea ocr_par ocr_line ocrx_word'/>
</head>
<body>
  <div class='ocr_page' id='page_1' title='image "./operaomniaaccura26auguuoft/operaomniaaccura26auguuoft_0386.png"; bbox 0 0 1758 3246; ppageno 0'>
   <div class='ocr_carea' id='block_1_1' title="bbox 322 269 1295 331">
    <p class='ocr_par' dir='ltr' id='par_1_1' title="bbox 322 269 1295 331">
     <span class='ocr_line' id='line_1_1' title="bbox 322 269 1295 331; baseline -0.002 -17"><span class='ocrx_word' id='word_1_1' title='bbox 322 269 413 331; x_wconf 83' lang='grc'>370</span> <span class='ocrx_word' id='word_1_2' title='bbox 741 281 775 311; x_wconf 81' lang='lat' dir='ltr'>s,</span> <span class='ocrx_word' id='word_1_3' title='bbox 817 279 1056 312; x_wconf 69' lang='lat' dir='ltr'>Auersrixi</span> <span class='ocrx_word' id='word_1_4' title='bbox 1095 282 1295 312; x_wconf 78' lang='lat' dir='ltr'>EPiSCOPI</span> 
     </span>
    </p>
   </div>
   <div class='ocr_carea' id='block_1_2' title="bbox 318 344 1690 549">
    <p class='ocr_par' dir='ltr' id='par_1_2' title="bbox 318 344 1690 549">
     <span class='ocr_line' id='line_1_2' title="bbox 319 344 1690 402; baseline 0.002 -9"><span class='ocrx_word' id='word_1_5' title='bbox 319 362 493 393; x_wconf 85' lang='lat' dir='ltr'>uxorem</span> <span class='ocrx_word' id='word_1_6' title='bbox 511 361 649 390; x_wconf 84' lang='lat' dir='ltr'>meam</span> <span class='ocrx_word' id='word_1_7' title='bbox 667 345 755 390; x_wconf 85' lang='lat' dir='ltr'>sine</span> <span class='ocrx_word' id='word_1_8' title='bbox 775 345 860 391; x_wconf 84' lang='lat' dir='ltr'>ulla</span> <span class='ocrx_word' id='word_1_9' title='bbox 882 363 1010 391; x_wconf 85' lang='lat' dir='ltr'>causa</span> <span class='ocrx_word' id='word_1_10' title='bbox 1027 344 1324 392; x_wconf 84' lang='lat' dir='ltr'>fornicationis</span> <span class='ocrx_word' id='word_1_11' title='bbox 1341 383 1351 402; x_wconf 78' lang='grc'><em>,</em></span> <span class='ocrx_word' id='word_1_12' title='bbox 1373 347 1445 393; x_wconf 88' lang='lat' dir='ltr'>sed</span> <span class='ocrx_word' id='word_1_13' title='bbox 1469 350 1690 396; x_wconf 86' lang='lat' dir='ltr'>continens</span> 
     </span>
     <span class='ocr_line' id='line_1_3' title="bbox 318 415 1690 482; baseline 0.003 -21"><span class='ocrx_word' id='word_1_14' title='bbox 318 415 615 481; x_wconf 80' lang='lat' dir='ltr'>permaneb03</span> <span class='ocrx_word' id='word_1_15' title='bbox 647 415 818 461; x_wconf 89' lang='lat' dir='ltr'>ideo-ne</span> <span class='ocrx_word' id='word_1_16' title='bbox 847 415 1040 462; x_wconf 83' lang='lat' dir='ltr'>dicemus</span> <span class='ocrx_word' id='word_1_17' title='bbox 1072 433 1171 462; x_wconf 88' lang='lat' dir='ltr'>eum</span> <span class='ocrx_word' id='word_1_18' title='bbox 1198 418 1378 480; x_wconf 87' lang='lat' dir='ltr'>impune</span> <span class='ocrx_word' id='word_1_19' title='bbox 1406 418 1551 464; x_wconf 81' lang='lat' dir='ltr'>fecisse</span> <span class='ocrx_word' id='word_1_20' title='bbox 1570 420 1690 482; x_wconf 87' lang='lat' dir='ltr'>quod</span> 
     </span>
     <span class='ocr_line' id='line_1_4' title="bbox 319 485 1689 549; baseline 0.002 -17"><span class='ocrx_word' id='word_1_21' title='bbox 319 486 453 532; x_wconf 61' lang='lat' dir='ltr'>fecit?</span> <span class='ocrx_word' id='word_1_22' title='bbox 482 485 590 542; x_wconf 87' lang='lat' dir='ltr'>Quis</span> <span class='ocrx_word' id='word_1_23' title='bbox 608 485 695 531; x_wconf 87' lang='lat' dir='ltr'>hoc</span> <span class='ocrx_word' id='word_1_24' title='bbox 721 485 864 531; x_wconf 87' lang='lat' dir='ltr'>dicere</span> <span class='ocrx_word' id='word_1_25' title='bbox 889 485 1068 531; x_wconf 85' lang='lat' dir='ltr'>audebit</span> <span class='ocrx_word' id='word_1_26' title='bbox 1086 522 1096 539; x_wconf 80' lang='lat'>‚</span> <span class='ocrx_word' id='word_1_27' title='bbox 1121 487 1196 549; x_wconf 93' lang='lat' dir='ltr'>qui</span> <span class='ocrx_word' id='word_1_28' title='bbox 1222 487 1489 533; x_wconf 87' lang='lat' dir='ltr'>voluntatem</span> <span class='ocrx_word' id='word_1_29' title='bbox 1512 488 1689 535; x_wconf 88' lang='lat' dir='ltr'>Domini</span> 
     </span>
    </p>
   </div>
   <div class='ocr_carea' id='block_1_3' title="bbox 317 549 1758 688">
    <p class='ocr_par' dir='ltr' id='par_1_3' title="bbox 317 549 1758 694">
     <span class='ocr_line' id='line_1_5' title="bbox 317 549 1756 615; baseline 0.002 -12"><span class='ocrx_word' id='word_1_30' title='bbox 317 557 418 603; x_wconf 86' lang='lat' dir='ltr'>haec</span> <span class='ocrx_word' id='word_1_31' title='bbox 446 556 629 602; x_wconf 90' lang='lat' dir='ltr'>dicentis</span> <span class='ocrx_word' id='word_1_32' title='bbox 654 556 880 615; x_wconf 71' lang='lat' dir='ltr'>intelligit?</span> <span class='ocrx_word' id='word_1_33' title='bbox 914 556 1132 612; x_wconf 85' lang='lat' dir='ltr'>Quoniam</span> <span class='ocrx_word' id='word_1_34' title='bbox 1163 574 1242 602; x_wconf 89' lang='lat' dir='ltr'>nec</span> <span class='ocrx_word' id='word_1_35' title='bbox 1269 559 1546 605; x_wconf 70' lang='lat' dir='ltr'>continentiae</span> <span class='ocrx_word' id='word_1_36' title='bbox 1562 575 1690 605; x_wconf 84' lang='lat' dir='ltr'>causa</span> <span class='ocrx_word' id='word_1_37' title='bbox 1753 549 1756 578; x_wconf 60' lang='lat'>³</span> 
     </span>
     <span class='ocr_line' id='line_1_6' title="bbox 318 614 1758 688; baseline 0.002 -16"><span class='ocrx_word' id='word_1_38' title='bbox 318 626 480 673; x_wconf 90' lang='lat' dir='ltr'>dimitti</span> <span class='ocrx_word' id='word_1_39' title='bbox 502 630 729 685; x_wconf 81' lang='lat' dir='ltr'>conjugem</span> <span class='ocrx_word' id='word_1_40' title='bbox 753 626 915 681; x_wconf 80' lang='lat' dir='ltr'>voluit,</span> <span class='ocrx_word' id='word_1_41' title='bbox 937 626 1014 688; x_wconf 89' lang='lat' dir='ltr'>qui</span> <span class='ocrx_word' id='word_1_42' title='bbox 1036 626 1171 671; x_wconf 86' lang='lat' dir='ltr'>solam</span> <span class='ocrx_word' id='word_1_43' title='bbox 1199 643 1372 673; x_wconf 83' lang='lat' dir='ltr'>causam</span> <span class='ocrx_word' id='word_1_44' title='bbox 1390 628 1690 675; x_wconf 81' lang='lat' dir='ltr'>fornicationis</span> <span class='ocrx_word' id='word_1_45' title='bbox 1754 614 1758 657; x_wconf 72' lang='lat'>‚¹</span> 
     </span>
    </p>
   </div>
   <div class='ocr_carea' id='block_1_4' title="bbox 308 708 1697 2577">
    <p class='ocr_par' dir='ltr' id='par_1_4' title="bbox 316 708 496 744">
     <span class='ocr_line' id='line_1_7' title="bbox 316 708 496 744; baseline 0.006 -1"><span class='ocrx_word' id='word_1_46' title='bbox 316 714 414 744; x_wconf 84' lang='lat' dir='ltr'>exce</span> <span class='ocrx_word' id='word_1_47' title='bbox 449 708 496 744; x_wconf 83' lang='lat' dir='ltr'>lt.</span> 
     </span>
    </p>

    <p class='ocr_par' dir='ltr' id='par_1_5' title="bbox 308 716 1697 2509">
     <span class='ocr_line' id='line_1_8' title="bbox 382 716 1685 828; baseline 0.001 -15"><span class='ocrx_word' id='word_1_48' title='bbox 382 716 464 813; x_wconf 66' lang='lat' dir='ltr'>Illi.</span> <span class='ocrx_word' id='word_1_49' title='bbox 496 766 743 811; x_wconf 84' lang='lat' dir='ltr'>Redeamus</span> <span class='ocrx_word' id='word_1_50' title='bbox 765 765 899 825; x_wconf 86' lang='lat' dir='ltr'>igitur</span> <span class='ocrx_word' id='word_1_51' title='bbox 921 765 975 810; x_wconf 85' lang='lat' dir='ltr'>ad</span> <span class='ocrx_word' id='word_1_52' title='bbox 996 765 1089 828; x_wconf 87' lang='lat' dir='ltr'>ipsa</span> <span class='ocrx_word' id='word_1_53' title='bbox 1111 766 1307 828; x_wconf 81' lang='lat' dir='ltr'>Apostoli</span> <span class='ocrx_word' id='word_1_54' title='bbox 1323 768 1454 814; x_wconf 75' lang='lat' dir='ltr'>verba</span> <span class='ocrx_word' id='word_1_55' title='bbox 1472 769 1655 814; x_wconf 86' lang='lat' dir='ltr'>dicentis</span> <span class='ocrx_word' id='word_1_56' title='bbox 1673 786 1685 814; x_wconf 71' lang='grc' dir='ltr'><strong><em>ε</em></strong></span> 
     </span>
     <span class='ocr_line' id='line_1_9' title="bbox 313 836 1685 900; baseline 0.003 -20"><span class='ocrx_word' id='word_1_57' title='bbox 313 861 334 881; x_wconf 89' lang='grc'>«</span> <span class='ocrx_word' id='word_1_58' title='bbox 356 839 434 885; x_wconf 90' lang='lat' dir='ltr'>His</span> <span class='ocrx_word' id='word_1_59' title='bbox 465 847 610 883; x_wconf 82' lang='lat' dir='ltr'>autem</span> <span class='ocrx_word' id='word_1_60' title='bbox 635 837 712 899; x_wconf 90' lang='lat' dir='ltr'>qui</span> <span class='ocrx_word' id='word_1_61' title='bbox 750 847 849 881; x_wconf 91' lang='lat' dir='ltr'>sunt</span> <span class='ocrx_word' id='word_1_62' title='bbox 882 836 926 881; x_wconf 90' lang='grc'>111</span> <span class='ocrx_word' id='word_1_63' title='bbox 950 836 1154 895; x_wconf 84' lang='lat' dir='ltr'>conjugio</span> <span class='ocrx_word' id='word_1_64' title='bbox 1188 838 1400 900; x_wconf 82' lang='lat' dir='ltr'>praecipio</span> <span class='ocrx_word' id='word_1_65' title='bbox 1420 874 1430 893; x_wconf 81' lang='grc'><em>,</em></span> <span class='ocrx_word' id='word_1_66' title='bbox 1459 854 1547 883; x_wconf 90' lang='grc'><strong>11011</strong></span> <span class='ocrx_word' id='word_1_67' title='bbox 1580 856 1685 898; x_wconf 84' lang='lat' dir='ltr'>ego,</span> 
     </span>
     <span class='ocr_line' id='line_1_10' title="bbox 310 906 1686 969; baseline 0.001 -18"><span class='ocrx_word' id='word_1_68' title='bbox 310 929 332 951; x_wconf 81' lang='lat'>»</span> <span class='ocrx_word' id='word_1_69' title='bbox 352 907 424 953; x_wconf 87' lang='lat' dir='ltr'>sed</span> <span class='ocrx_word' id='word_1_70' title='bbox 451 906 688 962; x_wconf 87' lang='lat' dir='ltr'>Dominus,</span> <span class='ocrx_word' id='word_1_71' title='bbox 728 922 900 951; x_wconf 87' lang='lat' dir='ltr'>uxorem</span> <span class='ocrx_word' id='word_1_72' title='bbox 938 923 960 949; x_wconf 89' lang='lat' dir='ltr'>a</span> <span class='ocrx_word' id='word_1_73' title='bbox 994 907 1087 950; x_wconf 69' lang='lat' dir='ltr'>viro</span> <span class='ocrx_word' id='word_1_74' title='bbox 1124 923 1210 950; x_wconf 88' lang='lat' dir='ltr'>non</span> <span class='ocrx_word' id='word_1_75' title='bbox 1234 906 1480 960; x_wconf 87' lang='lat' dir='ltr'>discedere;</span> <span class='ocrx_word' id='word_1_76' title='bbox 1511 907 1628 969; x_wconf 90' lang='lat' dir='ltr'>quod</span> <span class='ocrx_word' id='word_1_77' title='bbox 1653 909 1686 952; x_wconf 90' lang='lat' dir='ltr'>si</span> 
     </span>
     <span class='ocr_line' id='line_1_11' title="bbox 313 975 1686 1038; baseline 0.002 -19"><span class='ocrx_word' id='word_1_78' title='bbox 313 1000 334 1019; x_wconf 83' lang='lat'>»</span> <span class='ocrx_word' id='word_1_79' title='bbox 352 977 615 1032; x_wconf 82' lang='lat' dir='ltr'>discesserit,</span> <span class='ocrx_word' id='word_1_80' title='bbox 639 992 811 1021; x_wconf 85' lang='lat' dir='ltr'>manere</span> <span class='ocrx_word' id='word_1_81' title='bbox 830 975 1103 1038; x_wconf 79' lang='lat' dir='ltr'>innuptam1.</span> <span class='ocrx_word' id='word_1_82' title='bbox 1126 997 1145 1016; x_wconf 81' lang='lat'>›&gt;</span> <span class='ocrx_word' id='word_1_83' title='bbox 1176 977 1231 1021; x_wconf 89' lang='lat' dir='ltr'>Et</span> <span class='ocrx_word' id='word_1_84' title='bbox 1247 993 1346 1022; x_wconf 90' lang='grc'><strong>611111</strong></span> <span class='ocrx_word' id='word_1_85' title='bbox 1366 977 1485 1023; x_wconf 73' lang='lat' dir='ltr'>velut</span> <span class='ocrx_word' id='word_1_86' title='bbox 1503 977 1686 1022; x_wconf 84' lang='lat' dir='ltr'>interro-</span> 
     </span>
     <span class='ocr_line' id='line_1_12' title="bbox 312 1046 1687 1109; baseline -0.001 -16"><span class='ocrx_word' id='word_1_87' title='bbox 312 1065 484 1108; x_wconf 85' lang='lat' dir='ltr'>gemus,</span> <span class='ocrx_word' id='word_1_88' title='bbox 515 1058 556 1091; x_wconf 88' lang='lat' dir='ltr'>et</span> <span class='ocrx_word' id='word_1_89' title='bbox 580 1057 791 1109; x_wconf 81' lang='lat' dir='ltr'>tanquam</span> <span class='ocrx_word' id='word_1_90' title='bbox 816 1056 1071 1108; x_wconf 84' lang='lat' dir='ltr'>praesentem</span> <span class='ocrx_word' id='word_1_91' title='bbox 1100 1046 1293 1109; x_wconf 89' lang='lat' dir='ltr'>quodam</span> <span class='ocrx_word' id='word_1_92' title='bbox 1325 1047 1455 1092; x_wconf 87' lang='lat' dir='ltr'>modo</span> <span class='ocrx_word' id='word_1_93' title='bbox 1482 1047 1687 1092; x_wconf 82' lang='lat' dir='ltr'>consula-</span> 
     </span>
     <span class='ocr_line' id='line_1_13' title="bbox 311 1116 1689 1178; baseline -0.001 -15"><span class='ocrx_word' id='word_1_94' title='bbox 311 1135 406 1163; x_wconf 85' lang='lat' dir='ltr'>mus</span> <span class='ocrx_word' id='word_1_95' title='bbox 424 1135 435 1162; x_wconf 86' lang='lat'>:</span> <span class='ocrx_word' id='word_1_96' title='bbox 458 1117 550 1162; x_wconf 90' lang='lat' dir='ltr'>Cur</span> <span class='ocrx_word' id='word_1_97' title='bbox 562 1116 727 1171; x_wconf 79' lang='lat' dir='ltr'>dixisti,</span> <span class='ocrx_word' id='word_1_98' title='bbox 749 1116 952 1178; x_wconf 83' lang='lat' dir='ltr'>Apostole</span> <span class='ocrx_word' id='word_1_99' title='bbox 974 1133 984 1161; x_wconf 78' lang='lat' dir='ltr'>z</span> <span class='ocrx_word' id='word_1_100' title='bbox 1008 1137 1027 1156; x_wconf 90' lang='lat'>«</span> <span class='ocrx_word' id='word_1_101' title='bbox 1047 1116 1177 1172; x_wconf 84' lang='lat' dir='ltr'>Quod</span> <span class='ocrx_word' id='word_1_102' title='bbox 1192 1116 1227 1161; x_wconf 91' lang='lat' dir='ltr'>si</span> <span class='ocrx_word' id='word_1_103' title='bbox 1243 1116 1500 1172; x_wconf 83' lang='lat' dir='ltr'>discesserit,</span> <span class='ocrx_word' id='word_1_104' title='bbox 1518 1132 1689 1162; x_wconf 86' lang='lat' dir='ltr'>manere</span> 
     </span>
     <span class='ocr_line' id='line_1_14' title="bbox 311 1186 1689 1249; baseline 0.002 -20"><span class='ocrx_word' id='word_1_105' title='bbox 311 1209 332 1230; x_wconf 85' lang='lat'>»</span> <span class='ocrx_word' id='word_1_106' title='bbox 350 1188 608 1249; x_wconf 71' lang='lat' dir='ltr'>innuptam?</span> <span class='ocrx_word' id='word_1_107' title='bbox 630 1208 651 1226; x_wconf 71' lang='lat' dir='ltr'>u</span> <span class='ocrx_word' id='word_1_108' title='bbox 678 1187 884 1230; x_wconf 87' lang='lat' dir='ltr'>Licet-ne</span> <span class='ocrx_word' id='word_1_109' title='bbox 910 1186 1128 1231; x_wconf 85' lang='lat' dir='ltr'>discedere</span> <span class='ocrx_word' id='word_1_110' title='bbox 1146 1223 1156 1241; x_wconf 83' lang='lat'>,</span> <span class='ocrx_word' id='word_1_111' title='bbox 1186 1204 1238 1232; x_wconf 89' lang='lat' dir='ltr'>an</span> <span class='ocrx_word' id='word_1_112' title='bbox 1265 1204 1353 1232; x_wconf 88' lang='lat' dir='ltr'>non</span> <span class='ocrx_word' id='word_1_113' title='bbox 1378 1186 1505 1232; x_wconf 65' lang='lat' dir='ltr'>licet?</span> <span class='ocrx_word' id='word_1_114' title='bbox 1530 1187 1576 1232; x_wconf 80' lang='lat' dir='ltr'>Si</span> <span class='ocrx_word' id='word_1_115' title='bbox 1602 1203 1689 1232; x_wconf 89' lang='lat' dir='ltr'>non</span> 
     </span>
     <span class='ocr_line' id='line_1_15' title="bbox 309 1254 1689 1319; baseline 0 -16"><span class='ocrx_word' id='word_1_116' title='bbox 309 1258 436 1313; x_wconf 88' lang='lat' dir='ltr'>licet,</span> <span class='ocrx_word' id='word_1_117' title='bbox 477 1273 555 1302; x_wconf 93' lang='lat' dir='ltr'>cur</span> <span class='ocrx_word' id='word_1_118' title='bbox 585 1255 792 1318; x_wconf 77' lang='lat' dir='ltr'>praecipis</span> <span class='ocrx_word' id='word_1_119' title='bbox 824 1254 1063 1299; x_wconf 87' lang='lat' dir='ltr'>discedenti</span> <span class='ocrx_word' id='word_1_120' title='bbox 1104 1266 1152 1299; x_wconf 87' lang='lat' dir='ltr'>ut</span> <span class='ocrx_word' id='word_1_121' title='bbox 1186 1267 1358 1300; x_wconf 84' lang='lat' dir='ltr'>maneat</span> <span class='ocrx_word' id='word_1_122' title='bbox 1381 1258 1600 1319; x_wconf 68' lang='lat' dir='ltr'>innupta?</span> <span class='ocrx_word' id='word_1_123' title='bbox 1643 1257 1689 1302; x_wconf 89' lang='lat' dir='ltr'>Si</span> 
     </span>
     <span class='ocr_line' id='line_1_16' title="bbox 311 1323 1688 1387; baseline -0.001 -15"><span class='ocrx_word' id='word_1_124' title='bbox 311 1338 455 1373; x_wconf 86' lang='lat' dir='ltr'>autem</span> <span class='ocrx_word' id='word_1_125' title='bbox 474 1326 594 1381; x_wconf 85' lang='lat' dir='ltr'>licet,</span> <span class='ocrx_word' id='word_1_126' title='bbox 629 1324 827 1387; x_wconf 82' lang='lat' dir='ltr'>profecto</span> <span class='ocrx_word' id='word_1_127' title='bbox 860 1334 920 1368; x_wconf 86' lang='lat' dir='ltr'>cst</span> <span class='ocrx_word' id='word_1_128' title='bbox 953 1323 1098 1386; x_wconf 88' lang='lat' dir='ltr'>aliqua</span> <span class='ocrx_word' id='word_1_129' title='bbox 1131 1341 1260 1370; x_wconf 84' lang='lat' dir='ltr'>causa</span> <span class='ocrx_word' id='word_1_130' title='bbox 1290 1341 1375 1387; x_wconf 83' lang='lat' dir='ltr'>qua</span> <span class='ocrx_word' id='word_1_131' title='bbox 1401 1323 1541 1372; x_wconf 85' lang='lat' dir='ltr'>liceat.</span> <span class='ocrx_word' id='word_1_132' title='bbox 1581 1327 1688 1371; x_wconf 81' lang='lat' dir='ltr'>Haec</span> 
     </span>
     <span class='ocr_line' id='line_1_17' title="bbox 311 1394 1691 1458; baseline -0.001 -16"><span class='ocrx_word' id='word_1_133' title='bbox 311 1407 455 1442; x_wconf 86' lang='lat' dir='ltr'>autem</span> <span class='ocrx_word' id='word_1_134' title='bbox 480 1395 686 1458; x_wconf 87' lang='lat' dir='ltr'>inquisita</span> <span class='ocrx_word' id='word_1_135' title='bbox 714 1411 801 1439; x_wconf 87' lang='lat' dir='ltr'>non</span> <span class='ocrx_word' id='word_1_136' title='bbox 826 1394 1073 1448; x_wconf 83' lang='lat' dir='ltr'>invenitur,</span> <span class='ocrx_word' id='word_1_137' title='bbox 1101 1394 1182 1438; x_wconf 90' lang='lat' dir='ltr'>nisi</span> <span class='ocrx_word' id='word_1_138' title='bbox 1214 1409 1346 1456; x_wconf 87' lang='lat' dir='ltr'>quam</span> <span class='ocrx_word' id='word_1_139' title='bbox 1374 1394 1507 1439; x_wconf 85' lang='lat' dir='ltr'>solam</span> <span class='ocrx_word' id='word_1_140' title='bbox 1537 1395 1691 1441; x_wconf 80' lang='lat' dir='ltr'>Salva-—</span> 
     </span>
     <span class='ocr_line' id='line_1_18' title="bbox 310 1463 1690 1528; baseline -0.001 -16"><span class='ocrx_word' id='word_1_141' title='bbox 310 1478 379 1512; x_wconf 85' lang='lat' dir='ltr'>tor</span> <span class='ocrx_word' id='word_1_142' title='bbox 399 1466 594 1528; x_wconf 79' lang='lat' dir='ltr'>excepit,</span> <span class='ocrx_word' id='word_1_143' title='bbox 621 1464 666 1509; x_wconf 91' lang='lat' dir='ltr'>id</span> <span class='ocrx_word' id='word_1_144' title='bbox 686 1474 771 1519; x_wconf 73' lang='lat' dir='ltr'>est,</span> <span class='ocrx_word' id='word_1_145' title='bbox 799 1479 926 1508; x_wconf 86' lang='lat' dir='ltr'>causa</span> <span class='ocrx_word' id='word_1_146' title='bbox 950 1463 1263 1510; x_wconf 83' lang='lat' dir='ltr'>fornicationis.</span> <span class='ocrx_word' id='word_1_147' title='bbox 1301 1465 1363 1509; x_wconf 89' lang='lat' dir='ltr'>Ac</span> <span class='ocrx_word' id='word_1_148' title='bbox 1386 1480 1466 1526; x_wconf 89' lang='lat' dir='ltr'>per</span> <span class='ocrx_word' id='word_1_149' title='bbox 1492 1464 1579 1510; x_wconf 89' lang='lat' dir='ltr'>hoc</span> <span class='ocrx_word' id='word_1_150' title='bbox 1601 1482 1690 1513; x_wconf 89' lang='lat' dir='ltr'>non</span> 
     </span>
     <span class='ocr_line' id='line_1_19' title="bbox 308 1532 1690 1600; baseline -0.001 -19"><span class='ocrx_word' id='word_1_151' title='bbox 308 1535 525 1600; x_wconf 79' lang='lat' dir='ltr'>preecepit</span> <span class='ocrx_word' id='word_1_152' title='bbox 548 1533 780 1596; x_wconf 78' lang='lat' dir='ltr'>Apostolus</span> <span class='ocrx_word' id='word_1_153' title='bbox 795 1532 1017 1578; x_wconf 90' lang='lat' dir='ltr'>mulierem</span> <span class='ocrx_word' id='word_1_154' title='bbox 1035 1533 1068 1577; x_wconf 91' lang='lat' dir='ltr'>si</span> <span class='ocrx_word' id='word_1_155' title='bbox 1082 1532 1323 1578; x_wconf 89' lang='lat' dir='ltr'>discesserit</span> <span class='ocrx_word' id='word_1_156' title='bbox 1337 1550 1510 1578; x_wconf 88' lang='lat' dir='ltr'>manere</span> <span class='ocrx_word' id='word_1_157' title='bbox 1528 1535 1690 1598; x_wconf 89' lang='lat' dir='ltr'>innup-</span> 
     </span>
     <span class='ocr_line' id='line_1_20' title="bbox 310 1602 1693 1667; baseline -0.001 -16"><span class='ocrx_word' id='word_1_158' title='bbox 310 1618 399 1652; x_wconf 83' lang='lat' dir='ltr'>tam</span> <span class='ocrx_word' id='word_1_159' title='bbox 416 1641 428 1662; x_wconf 86' lang='lat'>‚</span> <span class='ocrx_word' id='word_1_160' title='bbox 451 1604 529 1649; x_wconf 88' lang='lat' dir='ltr'>nisi</span> <span class='ocrx_word' id='word_1_161' title='bbox 547 1619 648 1667; x_wconf 84' lang='lat' dir='ltr'>quae</span> <span class='ocrx_word' id='word_1_162' title='bbox 667 1602 742 1648; x_wconf 81' lang='lat' dir='ltr'>illa</span> <span class='ocrx_word' id='word_1_163' title='bbox 762 1619 891 1648; x_wconf 86' lang='lat' dir='ltr'>causa</span> <span class='ocrx_word' id='word_1_164' title='bbox 914 1602 1100 1648; x_wconf 85' lang='lat' dir='ltr'>discedit</span> <span class='ocrx_word' id='word_1_165' title='bbox 1125 1620 1147 1648; x_wconf 83' lang='lat' dir='ltr'>a</span> <span class='ocrx_word' id='word_1_166' title='bbox 1169 1602 1264 1648; x_wconf 92' lang='lat' dir='ltr'>viro</span> <span class='ocrx_word' id='word_1_167' title='bbox 1281 1639 1292 1658; x_wconf 85' lang='lat'><strong><em>‚</em></strong></span> <span class='ocrx_word' id='word_1_168' title='bbox 1322 1619 1408 1665; x_wconf 89' lang='lat' dir='ltr'>qua</span> <span class='ocrx_word' id='word_1_169' title='bbox 1428 1603 1516 1649; x_wconf 87' lang='lat' dir='ltr'>sola</span> <span class='ocrx_word' id='word_1_170' title='bbox 1532 1605 1569 1649; x_wconf 91' lang='lat' dir='ltr'>ei</span> <span class='ocrx_word' id='word_1_171' title='bbox 1591 1604 1693 1650; x_wconf 90' lang='lat' dir='ltr'>lici-</span> 
     </span>
     <span class='ocr_line' id='line_1_21' title="bbox 310 1672 1692 1738; baseline -0.001 -16"><span class='ocrx_word' id='word_1_172' title='bbox 310 1688 406 1722; x_wconf 84' lang='lat' dir='ltr'>tum</span> <span class='ocrx_word' id='word_1_173' title='bbox 430 1686 491 1720; x_wconf 85' lang='lat' dir='ltr'>est</span> <span class='ocrx_word' id='word_1_174' title='bbox 512 1673 730 1720; x_wconf 84' lang='lat' dir='ltr'>discedere</span> <span class='ocrx_word' id='word_1_175' title='bbox 764 1691 787 1719; x_wconf 88' lang='lat' dir='ltr'>a</span> <span class='ocrx_word' id='word_1_176' title='bbox 811 1674 919 1720; x_wconf 87' lang='lat' dir='ltr'>viro.</span> <span class='ocrx_word' id='word_1_177' title='bbox 951 1674 1038 1719; x_wconf 75' lang='lat' dir='ltr'>Ubi</span> <span class='ocrx_word' id='word_1_178' title='bbox 1063 1673 1179 1719; x_wconf 90' lang='grc'><strong>6111111</strong></span> <span class='ocrx_word' id='word_1_179' title='bbox 1206 1672 1399 1719; x_wconf 85' lang='lat' dir='ltr'>dicitur:</span> <span class='ocrx_word' id='word_1_180' title='bbox 1434 1695 1455 1715; x_wconf 89' lang='grc'>«</span> <span class='ocrx_word' id='word_1_181' title='bbox 1474 1675 1692 1738; x_wconf 86' lang='lat' dir='ltr'>Praecipio</span> 
     </span>
     <span class='ocr_line' id='line_1_22' title="bbox 311 1744 1692 1809; baseline -0.002 -18"><span class='ocrx_word' id='word_1_182' title='bbox 311 1771 332 1791; x_wconf 84' lang='lat'>»</span> <span class='ocrx_word' id='word_1_183' title='bbox 352 1764 441 1792; x_wconf 90' lang='lat' dir='ltr'>non</span> <span class='ocrx_word' id='word_1_184' title='bbox 465 1745 684 1791; x_wconf 88' lang='lat' dir='ltr'>discedere</span> <span class='ocrx_word' id='word_1_185' title='bbox 699 1781 708 1799; x_wconf 85' lang='lat'>‚</span> <span class='ocrx_word' id='word_1_186' title='bbox 732 1744 853 1807; x_wconf 90' lang='lat' dir='ltr'>quod</span> <span class='ocrx_word' id='word_1_187' title='bbox 870 1745 904 1789; x_wconf 90' lang='lat' dir='ltr'>si</span> <span class='ocrx_word' id='word_1_188' title='bbox 924 1744 1164 1790; x_wconf 89' lang='lat' dir='ltr'>discesserit</span> <span class='ocrx_word' id='word_1_189' title='bbox 1179 1781 1189 1799; x_wconf 85' lang='lat'>,</span> <span class='ocrx_word' id='word_1_190' title='bbox 1214 1761 1384 1789; x_wconf 86' lang='lat' dir='ltr'>manere</span> <span class='ocrx_word' id='word_1_191' title='bbox 1400 1745 1650 1809; x_wconf 87' lang='lat' dir='ltr'>innuptam,</span> <span class='ocrx_word' id='word_1_192' title='bbox 1672 1768 1692 1788; x_wconf 85' lang='lat'>»</span> 
     </span>
     <span class='ocr_line' id='line_1_23' title="bbox 314 1813 1695 1877; baseline -0.001 -15"><span class='ocrx_word' id='word_1_193' title='bbox 314 1817 428 1863; x_wconf 84' lang='lat' dir='ltr'>absit</span> <span class='ocrx_word' id='word_1_194' title='bbox 451 1825 669 1860; x_wconf 85' lang='lat' dir='ltr'>utcontra</span> <span class='ocrx_word' id='word_1_195' title='bbox 688 1813 775 1859; x_wconf 90' lang='lat' dir='ltr'>hoc</span> <span class='ocrx_word' id='word_1_196' title='bbox 805 1824 1078 1877; x_wconf 75' lang='lat' dir='ltr'>praeceptum</span> <span class='ocrx_word' id='word_1_197' title='bbox 1101 1813 1233 1859; x_wconf 77' lang='lat' dir='ltr'>faciat</span> <span class='ocrx_word' id='word_1_198' title='bbox 1249 1850 1260 1869; x_wconf 85' lang='lat'>‚</span> <span class='ocrx_word' id='word_1_199' title='bbox 1293 1830 1395 1876; x_wconf 88' lang='lat' dir='ltr'>quae</span> <span class='ocrx_word' id='word_1_200' title='bbox 1428 1814 1487 1860; x_wconf 91' lang='lat' dir='ltr'>sic</span> <span class='ocrx_word' id='word_1_201' title='bbox 1512 1814 1695 1861; x_wconf 88' lang='lat' dir='ltr'>discedit</span> 
     </span>
     <span class='ocr_line' id='line_1_24' title="bbox 312 1882 1695 1947; baseline -0.001 -15"><span class='ocrx_word' id='word_1_202' title='bbox 312 1898 362 1933; x_wconf 85' lang='lat' dir='ltr'>ut</span> <span class='ocrx_word' id='word_1_203' title='bbox 381 1886 568 1947; x_wconf 85' lang='lat' dir='ltr'>innupta</span> <span class='ocrx_word' id='word_1_204' title='bbox 597 1895 862 1947; x_wconf 87' lang='lat' dir='ltr'>permaneat.</span> <span class='ocrx_word' id='word_1_205' title='bbox 894 1884 986 1929; x_wconf 76' lang='lat' dir='ltr'>Nisi</span> <span class='ocrx_word' id='word_1_206' title='bbox 1004 1901 1103 1942; x_wconf 81' lang='lat' dir='ltr'>ergo</span> <span class='ocrx_word' id='word_1_207' title='bbox 1126 1882 1200 1928; x_wconf 86' lang='lat' dir='ltr'>illa</span> <span class='ocrx_word' id='word_1_208' title='bbox 1218 1883 1482 1943; x_wconf 85' lang='lat' dir='ltr'>intelligatur</span> <span class='ocrx_word' id='word_1_209' title='bbox 1505 1885 1575 1930; x_wconf 91' lang='lat' dir='ltr'>cui</span> <span class='ocrx_word' id='word_1_210' title='bbox 1592 1885 1695 1931; x_wconf 89' lang='lat' dir='ltr'>licet</span> 
     </span>
     <span class='ocr_line' id='line_1_25' title="bbox 314 1951 1695 2017; baseline -0.001 -15"><span class='ocrx_word' id='word_1_211' title='bbox 314 1954 533 2002; x_wconf 84' lang='lat' dir='ltr'>discedere</span> <span class='ocrx_word' id='word_1_212' title='bbox 565 1954 684 2016; x_wconf 90' lang='lat' dir='ltr'>(non</span> <span class='ocrx_word' id='word_1_213' title='bbox 710 1963 853 1998; x_wconf 86' lang='lat' dir='ltr'>autem</span> <span class='ocrx_word' id='word_1_214' title='bbox 881 1952 984 1998; x_wconf 88' lang='lat' dir='ltr'>licet</span> <span class='ocrx_word' id='word_1_215' title='bbox 1013 1952 1095 1997; x_wconf 88' lang='lat' dir='ltr'>nisi</span> <span class='ocrx_word' id='word_1_216' title='bbox 1130 1952 1223 1997; x_wconf 77' lang='lat' dir='ltr'>viro</span> <span class='ocrx_word' id='word_1_217' title='bbox 1251 1951 1543 2015; x_wconf 80' lang='lat' dir='ltr'>fornicante),</span> <span class='ocrx_word' id='word_1_218' title='bbox 1580 1971 1695 2017; x_wconf 91' lang='lat' dir='ltr'>quo-</span> 
     </span>
     <span class='ocr_line' id='line_1_26' title="bbox 316 2021 1696 2085; baseline -0.002 -13"><span class='ocrx_word' id='word_1_219' title='bbox 316 2024 448 2072; x_wconf 88' lang='lat' dir='ltr'>modo</span> <span class='ocrx_word' id='word_1_220' title='bbox 467 2023 650 2083; x_wconf 85' lang='lat' dir='ltr'>jubetur</span> <span class='ocrx_word' id='word_1_221' title='bbox 668 2023 878 2085; x_wconf 85' lang='lat' dir='ltr'>innupta,</span> <span class='ocrx_word' id='word_1_222' title='bbox 905 2022 936 2066; x_wconf 92' lang='lat' dir='ltr'>si</span> <span class='ocrx_word' id='word_1_223' title='bbox 975 2021 1240 2078; x_wconf 83' lang='lat' dir='ltr'>discesserit,</span> <span class='ocrx_word' id='word_1_224' title='bbox 1275 2027 1559 2085; x_wconf 70' lang='lat' dir='ltr'>permanere?</span> <span class='ocrx_word' id='word_1_225' title='bbox 1587 2024 1696 2081; x_wconf 83' lang='lat' dir='ltr'>Quis</span> 
     </span>
     <span class='ocr_line' id='line_1_27' title="bbox 318 2091 1691 2157; baseline -0.001 -16"><span class='ocrx_word' id='word_1_226' title='bbox 318 2106 380 2142; x_wconf 90' lang='lat' dir='ltr'>est</span> <span class='ocrx_word' id='word_1_227' title='bbox 398 2094 476 2157; x_wconf 89' lang='lat' dir='ltr'>qui</span> <span class='ocrx_word' id='word_1_228' title='bbox 496 2092 615 2137; x_wconf 86' lang='lat' dir='ltr'>dicat</span> <span class='ocrx_word' id='word_1_229' title='bbox 640 2109 650 2136; x_wconf 92' lang='lat'>:</span> <span class='ocrx_word' id='word_1_230' title='bbox 676 2092 722 2137; x_wconf 86' lang='lat' dir='ltr'>Si</span> <span class='ocrx_word' id='word_1_231' title='bbox 742 2091 982 2137; x_wconf 84' lang='lat' dir='ltr'>discesserit</span> <span class='ocrx_word' id='word_1_232' title='bbox 1000 2092 1155 2137; x_wconf 89' lang='lat' dir='ltr'>mulier</span> <span class='ocrx_word' id='word_1_233' title='bbox 1177 2110 1199 2137; x_wconf 85' lang='lat' dir='ltr'>a</span> <span class='ocrx_word' id='word_1_234' title='bbox 1214 2092 1308 2138; x_wconf 82' lang='lat' dir='ltr'>viro</span> <span class='ocrx_word' id='word_1_235' title='bbox 1328 2110 1415 2138; x_wconf 92' lang='lat' dir='ltr'>non</span> <span class='ocrx_word' id='word_1_236' title='bbox 1433 2093 1691 2149; x_wconf 84' lang='lat' dir='ltr'>fornicante,</span> 
     </span>
     <span class='ocr_line' id='line_1_28' title="bbox 316 2161 1697 2226; baseline -0.001 -15"><span class='ocrx_word' id='word_1_237' title='bbox 316 2166 502 2226; x_wconf 85' lang='lat' dir='ltr'>innupta</span> <span class='ocrx_word' id='word_1_238' title='bbox 521 2171 800 2224; x_wconf 86' lang='lat' dir='ltr'>permaneat,</span> <span class='ocrx_word' id='word_1_239' title='bbox 823 2178 925 2207; x_wconf 91' lang='lat' dir='ltr'>cum</span> <span class='ocrx_word' id='word_1_240' title='bbox 943 2161 981 2207; x_wconf 92' lang='lat' dir='ltr'>ei</span> <span class='ocrx_word' id='word_1_241' title='bbox 1005 2162 1087 2207; x_wconf 90' lang='lat' dir='ltr'>nisi</span> <span class='ocrx_word' id='word_1_242' title='bbox 1121 2179 1143 2207; x_wconf 91' lang='lat' dir='ltr'>a</span> <span class='ocrx_word' id='word_1_243' title='bbox 1173 2162 1267 2208; x_wconf 84' lang='lat' dir='ltr'>viro</span> <span class='ocrx_word' id='word_1_244' title='bbox 1296 2161 1538 2210; x_wconf 86' lang='lat' dir='ltr'>fornicante</span> <span class='ocrx_word' id='word_1_245' title='bbox 1562 2162 1697 2210; x_wconf 88' lang='lat' dir='ltr'>disce-</span> 
     </span>
     <span class='ocr_line' id='line_1_29' title="bbox 319 2230 1697 2299; baseline 0 -18"><span class='ocrx_word' id='word_1_246' title='bbox 319 2235 420 2281; x_wconf 89' lang='lat' dir='ltr'>dere</span> <span class='ocrx_word' id='word_1_247' title='bbox 440 2232 617 2278; x_wconf 89' lang='lat' dir='ltr'>omnino</span> <span class='ocrx_word' id='word_1_248' title='bbox 634 2248 721 2276; x_wconf 91' lang='grc'><strong>11011</strong></span> <span class='ocrx_word' id='word_1_249' title='bbox 743 2230 899 2278; x_wconf 73' lang='lat' dir='ltr'>liceat?</span> <span class='ocrx_word' id='word_1_250' title='bbox 920 2231 1076 2278; x_wconf 89' lang='lat' dir='ltr'>Sensus</span> <span class='ocrx_word' id='word_1_251' title='bbox 1099 2232 1245 2296; x_wconf 88' lang='lat' dir='ltr'>itaque</span> <span class='ocrx_word' id='word_1_252' title='bbox 1266 2233 1344 2279; x_wconf 88' lang='lat' dir='ltr'>iste</span> <span class='ocrx_word' id='word_1_253' title='bbox 1367 2244 1467 2280; x_wconf 88' lang='lat' dir='ltr'>tuus</span> <span class='ocrx_word' id='word_1_254' title='bbox 1483 2245 1697 2299; x_wconf 84' lang='lat' dir='ltr'>quantum</span> 
     </span>
     <span class='ocr_line' id='line_1_30' title="bbox 320 2301 1697 2361; baseline -0.001 -10"><span class='ocrx_word' id='word_1_255' title='bbox 320 2305 569 2351; x_wconf 82' lang='lat' dir='ltr'>adversetur</span> <span class='ocrx_word' id='word_1_256' title='bbox 603 2301 779 2347; x_wconf 89' lang='lat' dir='ltr'>vinculo</span> <span class='ocrx_word' id='word_1_257' title='bbox 808 2302 1054 2361; x_wconf 69' lang='lat' dir='ltr'>conjugali,</span> <span class='ocrx_word' id='word_1_258' title='bbox 1093 2303 1171 2348; x_wconf 89' lang='lat' dir='ltr'>ubi</span> <span class='ocrx_word' id='word_1_259' title='bbox 1210 2304 1421 2349; x_wconf 90' lang='lat' dir='ltr'>Dominus</span> <span class='ocrx_word' id='word_1_260' title='bbox 1453 2321 1533 2350; x_wconf 89' lang='lat' dir='ltr'>nec</span> <span class='ocrx_word' id='word_1_261' title='bbox 1551 2305 1697 2351; x_wconf 86' lang='lat' dir='ltr'>conti-</span> 
     </span>
     <span class='ocr_line' id='line_1_31' title="bbox 320 2371 1693 2437; baseline -0.002 -15"><span class='ocrx_word' id='word_1_262' title='bbox 320 2374 514 2422; x_wconf 85' lang='lat' dir='ltr'>nentiam</span> <span class='ocrx_word' id='word_1_263' title='bbox 542 2371 682 2417; x_wconf 75' lang='lat' dir='ltr'>voluit</span> <span class='ocrx_word' id='word_1_264' title='bbox 707 2372 896 2435; x_wconf 84' lang='lat' dir='ltr'>suscipi,</span> <span class='ocrx_word' id='word_1_265' title='bbox 924 2373 1005 2418; x_wconf 86' lang='lat' dir='ltr'>nisi</span> <span class='ocrx_word' id='word_1_266' title='bbox 1029 2374 1125 2437; x_wconf 85' lang='lat' dir='ltr'>pari</span> <span class='ocrx_word' id='word_1_267' title='bbox 1144 2373 1440 2437; x_wconf 88' lang='lat' dir='ltr'>concordique</span> <span class='ocrx_word' id='word_1_268' title='bbox 1457 2390 1665 2419; x_wconf 88' lang='lat' dir='ltr'>consensu</span> <span class='ocrx_word' id='word_1_269' title='bbox 1681 2410 1693 2430; x_wconf 85' lang='lat'><strong>,</strong></span> 
     </span>
     <span class='ocr_line' id='line_1_32' title="bbox 321 2440 920 2509; baseline -0.002 -20"><span class='ocrx_word' id='word_1_270' title='bbox 321 2454 431 2509; x_wconf 80' lang='lat' dir='ltr'>puto</span> <span class='ocrx_word' id='word_1_271' title='bbox 450 2440 571 2506; x_wconf 92' lang='lat' dir='ltr'>quod</span> <span class='ocrx_word' id='word_1_272' title='bbox 585 2446 678 2501; x_wconf 86' lang='lat' dir='ltr'>jam</span> <span class='ocrx_word' id='word_1_273' title='bbox 695 2441 920 2502; x_wconf 86' lang='lat' dir='ltr'>intelligas.</span> 
     </span>
    </p>

    <p class='ocr_par' dir='ltr' id='par_1_6' title="bbox 389 2511 1697 2577">
     <span class='ocr_line' id='line_1_33' title="bbox 389 2511 1697 2577; baseline -0.002 -17"><span class='ocrx_word' id='word_1_274' title='bbox 389 2514 465 2560; x_wconf 88' lang='lat' dir='ltr'>IV.</span> <span class='ocrx_word' id='word_1_275' title='bbox 507 2511 594 2558; x_wconf 88' lang='lat' dir='ltr'>Sed</span> <span class='ocrx_word' id='word_1_276' title='bbox 626 2528 717 2558; x_wconf 91' lang='lat' dir='ltr'>rem</span> <span class='ocrx_word' id='word_1_277' title='bbox 739 2512 880 2576; x_wconf 79' lang='lat' dir='ltr'>ipsam</span> <span class='ocrx_word' id='word_1_278' title='bbox 908 2512 1041 2575; x_wconf 85' lang='lat' dir='ltr'>paulo</span> <span class='ocrx_word' id='word_1_279' title='bbox 1064 2514 1255 2575; x_wconf 86' lang='lat' dir='ltr'>apertius</span> <span class='ocrx_word' id='word_1_280' title='bbox 1276 2512 1615 2577; x_wconf 82' lang='lat' dir='ltr'>proloquamur,</span> <span class='ocrx_word' id='word_1_281' title='bbox 1654 2523 1697 2558; x_wconf 79' lang='lat' dir='ltr'>et</span> 
     </span>
    </p>
   </div>
   <div class='ocr_carea' id='block_1_5' title="bbox 370 2596 745 2635">
    <p class='ocr_par' dir='ltr' id='par_1_7' title="bbox 370 2596 745 2635">
     <span class='ocr_line' id='line_1_34' title="bbox 370 2596 745 2635; baseline -0.005 -9"><span class='ocrx_word' id='word_1_282' title='bbox 370 2598 380 2619; x_wconf 83' lang='lat'><em>¹</em></span> <span class='ocrx_word' id='word_1_283' title='bbox 404 2608 415 2626; x_wconf 90' lang='lat'>1</span> <span class='ocrx_word' id='word_1_284' title='bbox 438 2596 512 2627; x_wconf 84' lang='lat' dir='ltr'>Cor.</span> <span class='ocrx_word' id='word_1_285' title='bbox 534 2605 594 2635; x_wconf 79' lang='lat' dir='ltr'>vn,</span> <span class='ocrx_word' id='word_1_286' title='bbox 620 2604 670 2631; x_wconf 89' lang='lat'>10,</span> <span class='ocrx_word' id='word_1_287' title='bbox 689 2604 745 2628; x_wconf 84' lang='lat'>11.</span> 
     </span>
    </p>
   </div>
  </div>
 </body>
</html>
