1758 3246
307 335 399 384 586
723 349 758 381 s.
801 347 1044 380 mensum
1078 347 1279 380 Errscom

303 414 546 481 pontificali
566 413 876 461 sacrificiorum
907 413 1049 474 generi
1067 412 1414 478 comparandum
1429 452 1440 472 ‚
1468 413 1540 462 sed
1560 414 1605 462 in
1624 432 1675 463 eo

307 485 638 551 deputandum,
673 485 792 550 quod
825 485 956 530 etiam
979 494 1191 529 nocturno
1233 486 1283 530 fit
1320 495 1538 550 tempore3
1575 503 1675 533 cum

305 558 405 604 haec
426 557 570 603 omnia
602 555 755 602 illicita
791 555 894 619 ipsis
917 554 1243 618 pontificalibus
1279 554 1401 602 libris
1431 567 1596 602 certum
1624 557 1678 603 sit

302 627 530 692 prohiberi
555 636 682 691 atque
709 625 934 681 damnari,
981 625 1065 670 Hic
1105 624 1334 688 respondi:
1361 627 1452 672 Cur
1484 645 1584 688 ergo
1608 627 1679 674 vel

304 698 407 744 talia
429 698 641 762 permittit
665 698 781 742 Deus
805 695 898 740 fieri
913 732 924 751 ‚
956 695 992 740 si
1016 694 1130 740 nihil
1158 695 1318 741 horum
1351 697 1679 743 malefactorum

306 769 542 815 contemnit
559 784 659 832 quae
683 776 835 813 contra
858 764 1108 825 religionem
1142 766 1278 820 fiunt;
1318 784 1418 813 cum
1438 769 1679 831 praesertim

305 841 405 886 haec
430 856 528 885 eum
546 855 697 884 curare
717 837 823 883 hinc
842 836 971 881 etiam
989 846 1202 896 cogantur
1218 838 1451 883 concedere
1473 839 1549 903 qui
1571 855 1680 902 pon-

307 911 482 957 tificales
512 910 647 956 libros
666 909 812 970 magni
846 909 1087 964 aestimant,
1128 909 1247 972 quod
1282 928 1329 956 ea
1352 928 1452 976 quae
1471 911 1541 957 his
1557 911 1682 958 libris

306 981 616 1045 prohibentur,
641 980 792 1044 utique
811 979 1039 1043 prohiberi
1061 978 1270 1026 divinitus
1295 985 1515 1028 asserunt?
1553 982 1681 1039 Quo-

307 1051 439 1098 modo
474 1067 573 1111 ergo
611 1049 819 1097 divinitus
855 1049 1172 1112 prohibentur,
1212 1049 1295 1096 nisi
1317 1051 1421 1114 quia
1450 1050 1682 1115 displicent

307 1124 421 1178 Deo,
447 1139 549 1186 quae
574 1123 725 1185 utique
738 1119 1018 1184 prohibendo
1052 1137 1139 1166 non
1156 1120 1295 1167 solum
1320 1122 1402 1168 sibi
1426 1121 1677 1186 displicere,

308 1192 590 1239 verumetiam
632 1209 783 1237 curare
818 1207 859 1236 se
889 1189 1102 1246 ostendit,
1123 1207 1262 1255 neque
1285 1192 1462 1238 omnino
1483 1203 1682 1239 contem-

310 1267 438 1310 nere?
487 1262 612 1308 Unde
638 1262 857 1321 colligitur
893 1261 1013 1324 quod
1043 1262 1158 1306 Deus
1199 1262 1365 1326 aliquid
1396 1273 1437 1308 et
1462 1263 1682 1327 improbet

303 1338 469 1394 justus⁷
492 1343 534 1378 et
556 1344 699 1378 tamen
723 1332 948 1396 permittat
967 1333 1255 1395 omnipotens.

370 1404 445 1450 VI.
489 1404 597 1448 Haec
623 1419 724 1448 cum
754 1402 872 1447 dicta
896 1411 1033 1446 essent
1051 1438 1061 1456 ‚
1092 1418 1344 1448 concessum
1376 1414 1440 1448 est
1463 1420 1551 1448 non
1586 1402 1683 1449 ideo

309 1473 553 1538 putandum
577 1472 743 1536 aliquid
763 1475 877 1531 juste
902 1488 953 1516 ac
977 1471 1087 1515 bene
1115 1471 1207 1516 ficri
1223 1508 1233 1527 ,
1256 1473 1358 1536 quia
1375 1472 1460 1518 hoc
1484 1471 1683 1537 omnipo-

305 1555 419 1599 tens,
449 1542 646 1606 quamvis
670 1541 707 1586 ei
728 1539 980 1604 displiceat,
1001 1540 1093 1585 fieri
1125 1551 1268 1585 tamen
1290 1541 1418 1595 sinit3
1440 1541 1684 1588 fatendum-

306 1631 391 1678 que
405 1629 489 1659 esse
511 1612 639 1658 etiam
654 1610 726 1656 illa
746 1610 858 1656 mala
876 1627 976 1673 quae
994 1621 1143 1656 contra
1156 1610 1404 1670 religionem
1422 1629 1509 1677 qua
1526 1613 1685 1661 colitur

310 1686 426 1730 Deus
444 1684 578 1739 fiunt,
601 1692 642 1727 et
666 1681 895 1745 displicere
911 1683 998 1727 Deo
1011 1684 1147 1741 just0‚
1172 1692 1214 1727 et
1236 1683 1400 1728 ratione
1414 1682 1572 1742 judicii
1595 1687 1685 1745 ejus

309 1755 365 1800 ab
388 1754 683 1816 omnipotente
697 1752 916 1816 permitti:
941 1750 1013 1797 sed
1033 1750 1150 1797 aliud
1159 1755 1250 1812 jam
1274 1769 1359 1798 esse
1379 1753 1682 1810 tractandum,

309 1825 424 1871 unde
461 1825 544 1870 sint
571 1823 854 1869 divinationes
894 1823 963 1869 vel
1008 1822 1287 1878 daemonum,
1319 1823 1386 1869 vel
1413 1823 1606 1888 quilibet
1621 1824 1687 1871 illi

311 1896 396 1941 sint
415 1911 524 1959 quos
548 1894 649 1940 deos
679 1895 836 1957 pagani
865 1903 1026 1940 vocant
1054 1911 1064 1937 :
1094 1892 1333 1939 videndum
1367 1894 1484 1939 enim
1515 1911 1600 1940 esse
1633 1910 1687 1940 ne

307 1966 439 2021 forte,
466 1981 553 2010 non
586 1963 761 2027 quidem
795 1974 1024 2027 propterea
1063 1962 1160 2008 haec
1207 1963 1323 2008 bona
1345 1963 1545 2026 putanda
1571 1964 1682 2021 sint,

316 2036 420 2100 quia
451 2052 499 2080 ea
532 2035 623 2080 fieri
642 2034 856 2097 permittit
899 2035 1199 2096 omnipotens;
1230 2032 1301 2078 sed
1332 2033 1429 2079 ideo
1462 2035 1565 2098 quia
1598 2044 1686 2079 tam

315 2123 471 2165 magna
491 2115 616 2159 sunt,
645 2115 693 2150 ut
710 2105 880 2150 nonnisi
907 2104 984 2149 Dei
1006 2104 1215 2167 potentiae
1253 2104 1484 2150 tribuenda
1511 2121 1598 2150 esse
1613 2104 1685 2150 vi-

320 2177 517 2223 deantur.
546 2174 612 2220 Ad
636 2175 720 2220 hoc
746 2192 812 2221 me
836 2185 985 2238 postea
1008 2190 1316 2238 responsurum
1351 2191 1437 2220 esse
1477 2174 1684 2238 promisi,

310 2246 517 2311 quoniam
541 2256 646 2291 tunc
677 2246 784 2291 hora
808 2244 1056 2309 prodeundi
1092 2245 1145 2291 ad
1170 2245 1490 2308 populumjam
1511 2262 1588 2292 nos
1609 2261 1687 2291 ur-

310 2317 438 2377 gebat
457 2333 467 2360 :
489 2332 568 2360 nec
587 2315 759 2371 distuli,
787 2332 886 2360 cum
908 2316 1099 2378 spatium
1118 2314 1267 2360 datum
1287 2325 1349 2360 est
1375 2314 1623 2371 scribendi,
1647 2324 1688 2361 et

310 2387 381 2433 illa
399 2396 582 2432 retexere
600 2422 609 2441 ‚
631 2395 673 2430 et
687 2385 767 2431 ista
791 2386 1025 2431 subtexere.

376 2458 474 2504 Vll.
503 2458 765 2501 Daemonum
789 2473 834 2501 ea
853 2466 917 2501 est
938 2467 1094 2501 natura
1115 2465 1163 2501 ut
1183 2455 1292 2500 aerii
1329 2455 1524 2518 corporis
1562 2471 1687 2501 sensu

307 2539 577 2574 terrenorum
597 2543 833 2590 corporum
852 2543 1022 2571 sensum
1035 2525 1161 2571 facile
1179 2523 1427 2588 praecedant
1442 2545 1454 2578 ς
1471 2525 1686 2572 celeritate

307 2599 434 2644 ctiam
455 2607 636 2661 propter
651 2596 842 2657 ejusdem
867 2597 974 2642 aerii
999 2597 1194 2660 corporis
1219 2596 1486 2659 superiorem
1505 2595 1683 2642 mobili-

306 2679 438 2714 tatem
463 2684 551 2714 non
574 2667 713 2728 solum
739 2683 892 2715 cursus
913 2666 1210 2729 quorumlibet
1233 2666 1467 2712 hominum
1482 2665 1551 2712 vel
1572 2665 1686 2712 fera-
