1758 3246
301 271 391 318 270
720 265 754 296 S.
797 262 1039 295 AUGUSTtNI
1075 261 1277 294 EPISCOPI

299 332 577 393 cogitationes
620 330 778 386 cordiS,
829 341 875 375 ut
898 341 1001 375 tunc
1026 329 1118 374 laus
1142 329 1196 373 sit
1218 325 1451 389 unicuique
1481 342 1504 369 a
1523 326 1616 371 Deo
1630 323 1664 372 1.

302 405 430 448 lN'une
451 412 593 448 autem
627 411 726 446 sunt
749 400 986 445 manifestae
1005 436 1016 455 ,
1043 409 1143 444 sunt
1161 398 1338 443 latentes
1365 394 1644 441 dissensiones
1658 428 1670 450 ‚

299 473 428 517 etiam
447 471 561 516 salva
583 471 793 516 charitate
809 507 819 524 ,
842 470 953 514 inter
966 486 1035 513 eos
1055 469 1131 531 qui
1158 484 1293 512 unum
1314 465 1412 511 etin
1427 481 1514 510 uno
1532 463 1690 516 futuri,

305 552 405 586 sunt
422 559 432 585 :
453 558 552 604 quae
569 551 676 585 111110
690 540 837 601 utique
862 538 992 582 nullae
1011 548 1151 583 erunt.
1181 537 1304 581 Sicut
1317 552 1417 594 ergo
1436 548 1677 583 sacramen—

304 623 400 657 tum
417 611 653 675 pluralium
675 609 928 672 nuptiarum
950 607 1065 652 illius
1088 606 1295 668 temporis
1318 603 1575 664 significavit
1605 602 1680 649 fu-

313 693 454 728 turam
488 680 816 727 multitudinem
839 679 931 723 Deo
955 678 1193 737 subjectam
1211 676 1257 722 in
1278 676 1454 720 terrenis
1478 674 1683 725 omnibus

314 749 545 809 gentibus:
570 751 632 791 sie
664 759 980 793 sacramentum
1006 748 1261 810 nuptiarum
1286 744 1552 805 singularum
1579 760 1683 789 nos—

313 820 365 864 tri
391 816 594 879 temporis
614 815 829 874 significat
863 815 1071 859 unitatem
1112 816 1308 858 omnium
1349 825 1543 863 nostrum
1578 814 1688 858 sub-

309 892 470 947 jectam
490 888 578 930 Deo
606 884 800 929 futuram
823 885 868 929 in
891 900 977 929 una
995 883 1159 929 coelesti
1181 882 1371 929 civitate.
1397 883 1548 945 Itaque
1574 883 1686 927 sicut

317 957 492 1002 duobus
522 954 780 1018 pluribusve
804 953 976 1010 servire,
1011 953 1071 998 sic
1096 970 1118 997 a
1151 951 1244 998 viro
1291 952 1392 997 vivo
1433 952 1478 996 in
1517 951 1691 997 alterius
1746 962 1750 965 ’

317 1026 498 1072 transire
516 1024 805 1079 connubium,
824 1040 902 1068 nec
926 1034 1031 1068 tunc
1054 1022 1196 1077 licuit,
1223 1039 1302 1067 nec
1317 1039 1435 1067 1111110
1457 1021 1574 1077 11001,
1611 1039 1692 1067 1100

318 1109 515 1155 unquam
536 1093 700 1139 licebit.
727 1095 982 1155 Apostatare
1002 1093 1171 1155 quippe
1213 1092 1267 1137 al)
1305 1109 1392 1137 uno
1423 1092 1513 1136 Deo
1531 1128 1543 1147 ,
1570 1102 1612 1136 et
1632 1091 1694 1136 ire

320 1162 366 1207 111
393 1162 564 1208 alterius
584 1162 872 1208 adulterinam
904 1164 1251 1226 superstitionem
1268 1201 1278 1218 ,
1315 1175 1482 1225 semper
1505 1173 1566 1208 est
1597 1180 1696 1207 ma-

320 1232 427 1279 lum.
453 1235 541 1277 tx‘ec
568 1251 698 1278 causa
719 1252 817 1294 ergo
838 1235 1141 1280 numerosioris
1172 1234 1306 1298 prolis
1325 1233 1519 1279 fecerunt
1561 1233 1697 1278 saneti

317 1303 471 1359 nostri,
498 1301 618 1366 quod
639 1302 747 1346 Cato
767 1304 783 1330 2
800 1304 962 1347 dicitur
980 1304 1126 1347 fecisse
1148 1306 1388 1357 Romanus,
1427 1313 1475 1346 ut
1500 1302 1690 1348 traderet

316 1375 442 1421 vivus
462 1389 632 1418 uxorem
662 1373 789 1417 etiam
812 1372 984 1417 alterius
1009 1372 1187 1417 domum
1223 1372 1322 1417 filiis
1357 1371 1636 1434 impleturam
1649 1371 1682 1419 1.

320 1445 371 1489 In
394 1453 639 1488 nostrarum
658 1442 823 1504 quippe
847 1442 1014 1505 nuptiis
1049 1441 1147 1504 plus
1177 1442 1291 1489 valet
1311 1444 1513 1487 sanctitas
1549 1459 1695 1487 sacra—

319 1512 472 1567 menti,
501 1528 633 1574 quam
647 1511 911 1556 foecunditas
935 1511 1058 1557 uteri.

384 1583 529 1628 XXII.
558 1582 604 1626 Si
627 1598 727 1641 ergo
759 1592 798 1626 et
822 1580 884 1625 illi
905 1582 979 1644 qui
995 1592 1177 1644 propter
1199 1581 1332 1627 solam
1357 1582 1692 1641 generationem,

321 1663 650 1717 propterquam
679 1651 1001 1696 suntinstitutae
1019 1651 1186 1714 nuptiae
1203 1688 1213 1707 ,
1235 1656 1581 1711 conjunguntur,
1608 1669 1696 1697 non

326 1733 644 1786 comparantur
675 1721 895 1783 patribus,
941 1720 1078 1766 multo
1112 1721 1233 1766 aliter
1270 1722 1386 1784 ipsos
1422 1721 1532 1767 filios
1564 1738 1696 1784 quam

319 1794 392 1840 isti
421 1791 719 1856 quaerentibus
742 1811 752 1844 3
772 1789 1131 1854 quandoquidem
1159 1790 1299 1835 filium
1318 1790 1540 1835 immolare
1553 1794 1695 1850 jtissus

323 1863 567 1917 Abraham,
594 1860 838 1923 intrepidus
864 1878 912 1906 ac
949 1860 1150 1916 devotus,
1177 1878 1304 1924 quem
1325 1861 1377 1906 de
1402 1871 1520 1905 tanta
1544 1860 1696 1924 despe-

322 1932 487 1977 ratione
512 1940 780 1992 susceperat,
803 1929 932 1974 unico
956 1947 1043 1974 11011
1080 1930 1300 1992 pepercit,
1335 1930 1416 1975 nisi
1449 1947 1499 1975 eo
1536 1929 1696 1993 prohi-

322 2003 452 2048 bente
470 2019 646 2047 manum
669 2000 920 2063 deponeret,
945 2017 1032 2063 quo
1050 2001 1232 2059 jubente
1251 2001 1466 2047 levaverat
1484 2001 1517 2048 3.
1546 2002 1697 2046 Restat

322 2084 371 2118 ut
393 2071 615 2118 videamus
631 2108 641 2126 ,
670 2081 816 2115 utrum
837 2070 987 2114 saltem
1006 2071 1273 2116 continentes
1296 2071 1430 2115 nostri
1455 2071 1697 2130 conjugatis

321 2142 405 2188 illis
425 2141 624 2204 patribus
650 2139 932 2202 comparandi
960 2140 1070 2194 sint3
1097 2141 1177 2186 nisi
1197 2141 1306 2186 forte
1328 2144 1419 2200 jam
1441 2141 1511 2186 isti
1534 2140 1697 2203 praese-

321 2211 445 2259 rendi
466 2221 564 2256 sunt
585 2211 643 2255 eis
658 2247 669 2266 ,
696 2211 856 2272 quibus
875 2209 1073 2255 nondum
1096 2228 1204 2273 quos
1232 2211 1502 2257 conferamus
1525 2211 1696 2257 inveni-

322 2298 434 2328 mus.
460 2282 602 2339 Majus
627 2280 739 2324 enim
765 2279 933 2324 bonum
962 2290 1052 2325 erat
1077 2281 1121 2325 in
1148 2281 1320 2326 illorum
1346 2280 1537 2343 nuptiis,
1564 2297 1697 2344 quam

321 2362 384 2397 est
407 2351 573 2396 bonum
599 2349 831 2412 proprium
855 2349 1106 2411 nuptiarum
1122 2387 1132 2406 ,
1165 2351 1237 2396 cui
1267 2351 1426 2414 procul
1453 2350 1589 2396 dubio
1607 2351 1696 2391 bo-

322 2440 430 2468 num
454 2421 731 2467 continentiae
754 2419 1076 2483 praeferendum
1100 2432 1161 2466 est
1186 2439 1197 2466 ς
1220 2422 1321 2484 quia
1344 2434 1430 2466 non
1454 2415 1526 2460 tali
1553 2415 1694 2463 officio

320 2493 575 2552 quaerebant
598 2492 662 2538 illi
686 2491 795 2537 filios
825 2508 872 2537 ex
895 2492 1058 2555 nuptiis
1077 2529 1088 2548 ,
1123 2492 1241 2549 quali
1265 2492 1489 2532 ducuntur
1516 2486 1583 2533 isti
1606 2524 1618 2545 ,
1645 2505 1693 2548 ex

372 2566 385 2612 ¹.
403 2576 416 2595 1
433 2568 506 2596 Cor.
519 2577 564 2607 vx,
581 2570 614 2597 5.
630 2584 674 2588 -—
689 2567 705 2588 Ἰ
721 2570 800 2595 Cato
816 2567 933 2605 minor,
957 2568 1043 2606 apud
1063 2561 1224 2602 Plutarch,
1250 2581 1292 2604 .-
1312 2560 1327 2587 3
1343 2565 1424 2597 Gen.
1442 2574 1523 2610 xxu,
1546 2575 1598 2598 12.

1718 0 1734 400 l

1729 401 1737 511 1

1738 735 1748 961 ‘3

1748 1132 1756 1314 Ξ

1752 1319 1758 1565 l
