1758 3246
431 307 484 336 ΒΕ
521 305 851 344 αοΝΤῙΝΕΝΤῙΑ,
893 304 980 334 ΜΒ.
1025 306 1055 335 1.
1359 290 1450 334 213

75 387 196 427 nem,
223 372 387 417 etiamsi
417 370 585 433 aliquid
627 370 841 433 impediat
875 387 926 414 nc
965 371 1285 432 subsequantur
1321 387 1451 433 opera

71 439 282 499 flagitiosa
305 452 346 486 et
363 440 602 485 facinorosa
623 440 934 485 membrorum.
972 438 1018 484 Si
1043 440 1155 483 enim
1182 441 1281 500 qilia
1308 450 1449 502 potes-

74 519 136 554 tas
168 527 255 556 non
281 511 432 565 datur,
460 520 587 555 vacat
619 527 771 555 manus
812 510 867 555 ab
900 510 1091 554 hominis
1122 508 1448 564 interfectione,

73 579 287 641 numquid
324 579 420 625 ideo
455 579 671 625 mundum
709 591 771 624 est
807 579 862 624 ab
901 579 1056 623 scelere
1088 595 1164 623 cor
1183 578 1452 623 homicidae?

73 650 160 694 Aut
182 650 217 693 si
241 666 331 694 rem
355 649 580 712 subripere
611 649 795 694 alienam
828 668 915 695 non
943 659 990 694 ut
1024 648 1119 711 quis
1152 647 1248 694 vult
1285 657 1448 709 potest,

72 719 289 781 numquid
312 720 410 764 ideo
431 720 475 764 in
498 721 590 782 ipsa
608 720 832 765 voluntate
856 719 929 764 fur
953 736 1041 764 non
1060 721 1149 763 est?
1174 720 1261 763 Aut
1282 717 1315 762 si
1336 727 1454 762 casta

70 798 154 844 est,
180 806 312 851 quam
332 790 428 835 vult
459 790 700 835 adulterare
720 808 808 835 non
836 801 1005 845 castus,
1035 789 1131 834 ideo
1160 805 1253 833 eam
1284 804 1373 832 non
1394 797 1456 831 est

71 859 116 903 in
140 859 269 905 corde
298 861 572 906 moechatus?
607 861 695 905 Aut
722 862 757 906 si
783 862 978 906 meretrix
1014 878 1102 905 non
1140 859 1387 905 inveniatur
1406 858 1451 902 in

70 928 258 985 fornice,
286 930 382 976 ideo
403 932 478 993 qui
497 949 591 976 eam
609 932 769 994 quaerit
785 969 795 987 ‚
823 949 910 976 non
936 931 1178 976 fornicatur
1204 930 1250 974 in
1276 939 1418 973 mente
1433 931 1452 973 '9

76 999 163 1044 Aut
184 999 216 1042 si
243 1001 437 1062 cupienti
458 1018 537 1062 per
564 1000 841 1046 mendacium
872 1001 1028 1046 laedere
1051 1000 1319 1063 proximum,
1343 1009 1455 1043 tem·-

70 1085 152 1130 pus
178 1068 243 1113 xel
263 1069 384 1114 locus
416 1070 548 1124 desit,
570 1070 668 1115 ideo
696 1071 849 1116 salsum
872 1071 1164 1116 testimonium
1185 1087 1272 1114 non
1291 1085 1364 1115 ore
1382 1069 1456 1113 in·-

74 1138 226 1183 teriore
240 1142 331 1198 jam
356 1140 492 1185 dixit?
514 1142 602 1184 Aut
627 1141 658 1184 si
681 1141 911 1203 quisquam
933 1141 1130 1185 homines
1160 1140 1336 1195 timens,
1365 1155 1455 1183 non

73 1208 230 1254 audeat
254 1209 401 1268 lingua
424 1210 564 1254 carnis
589 1226 738 1254 sonare
770 1210 1092 1272 blasphemiam
1112 1246 1123 1263 ‚
1154 1208 1253 1254 ideo
1280 1225 1368 1253 non
1392 1218 1455 1252 est

72 1278 203 1338 hujus
226 1279 420 1324 criminis
453 1296 550 1324 reus
567 1316 576 1334 ‚
605 1280 682 1342 qui
715 1279 825 1324 dicit
860 1281 905 1324 in
940 1280 1070 1325 corde
1092 1296 1170 1324 suo
1193 1296 1203 1323 ε
1233 1299 1253 1319 α
1274 1278 1372 1322 Non
1393 1288 1456 1322 est

75 1368 94 1389 »
114 1347 290 1393 Deus1?
311 1370 332 1389 ›>
359 1350 425 1393 Ita
443 1359 602 1393 caetera
620 1349 732 1393 mala
758 1348 874 1394 facta
897 1350 1129 1394 hominum
1144 1385 1155 1404 ‚
1192 1365 1291 1411 quae
1312 1347 1459 1392 nullus

73 1418 162 1477 agit
185 1419 380 1480 corporis
402 1429 571 1473 motus,
598 1435 698 1480 quae
730 1419 866 1464 nescit
901 1419 1014 1464 ullus
1048 1418 1247 1480 corporis
1280 1433 1451 1472 sensus,

70 1504 163 1532 reos
195 1505 291 1533 suos
318 1487 512 1533 occultos
546 1488 738 1540 habent3
765 1505 874 1550 quos
896 1489 1024 1533 etiam
1050 1488 1164 1532 solus
1183 1487 1386 1549 inquinat
1408 1487 1452 1530 in

71 1557 331 1616 cogitatione
352 1573 587 1602 consensus
602 1594 613 1612 ‚
639 1557 683 1602 id
702 1567 765 1601 est
780 1594 789 1612 ‚
813 1558 898 1602 oris
916 1557 1134 1602 interioris
1152 1556 1338 1602 verbum
1362 1573 1451 1600 ma-

71 1626 251 1685 lignum.
284 1629 334 1671 In
354 1626 474 1690 quod
498 1627 653 1671 timens
675 1627 747 1671 ille
771 1626 983 1672 declinari
1015 1643 1090 1672 cor
1117 1642 1268 1680 suum,
1293 1625 1450 1670 ostium

72 1697 350 1742 continentiae
374 1698 541 1742 circum
569 1697 684 1741 labia
718 1697 801 1741 oris
832 1696 965 1755 hujus
997 1696 1103 1759 poni
1133 1695 1277 1758 poscit
1300 1713 1321 1740 a
1359 1696 1452 1739 Do-

72 1767 190 1811 mino
209 1803 221 1823 ,
254 1766 374 1829 quod
399 1767 617 1812 contineat
642 1783 718 1811 cor
734 1802 746 1822 ‚
778 1784 830 1811 ne
855 1766 1097 1811 declinetur
1118 1766 1163 1810 in
1186 1766 1320 1811 verba
1354 1782 1450 1809 ma-

67 1835 211 1895 ligna2
237 1854 247 1880 :
279 1837 500 1881 contineat
519 1846 663 1881 autem
682 1874 692 1891 ‚
717 1853 804 1881 non
823 1836 1002 1881 sinendo
1025 1835 1330 1896 cogitationem
1346 1852 1450 1897 pro-

72 1905 222 1951 cedere
244 1906 290 1951 in
313 1907 666 1959 consensionem3
687 1907 748 1951 sic
768 1906 882 1951 enim
907 1906 1148 1951 secundum
1180 1914 1453 1968 praeceptum

75 1977 385 2039 apostolicum,
428 1994 516 2022 non
548 1987 703 2036 regnat
737 1987 968 2039 peccatum
1012 1977 1059 2022 in
1102 1986 1249 2021 nostro
1279 1974 1454 2020 mortali

75 2062 255 2108 corpore
271 2083 281 2101 ,
309 2063 449 2109 neque
473 2047 730 2091 exhibemus
750 2047 948 2092 membra
972 2057 1117 2091 nostra
1144 2063 1263 2091 arma
1287 2044 1456 2107 iniqui-

77 2116 174 2160 tatis
201 2127 384 2178 peccato
401 2116 432 2162 3.
475 2117 508 2160 A
537 2132 625 2178 quo
653 2126 880 2179 praecepto
909 2115 1133 2178 implendo
1157 2116 1309 2178 utique
1331 2114 1459 2160 alieni

74 2196 199 2240 sunt„
225 2185 301 2248 qui
325 2185 383 2230 ob
404 2185 490 2230 hoc
517 2185 572 2231 ad
600 2185 879 2249 peccandum
903 2186 1101 2231 membra
1133 2203 1222 2230 non
1255 2195 1430 2230 movent
1447 2220 1456 2233 ,

77 2255 179 2318 quia
206 2265 395 2318 potestas
418 2255 539 2300 nulla
565 2256 836 2318 permittitur
859 2273 868 2299 z
897 2272 998 2319 quae
1027 2255 1060 2300 si
1085 2255 1225 2311 adsit,
1258 2254 1458 2317 protinus

76 2343 123 2370 ex
142 2326 439 2371 membrorum
458 2326 578 2371 velut
603 2343 830 2371 armorum·
846 2326 1038 2372 motibus
1054 2363 1064 2381 ‚
1088 2326 1185 2389 quis
1207 2326 1253 2371 in
1271 2326 1329 2371 eis
1345 2325 1461 2369 intus

78 2406 224 2455 regnet
240 2432 251 2452 ,
279 2395 528 2442 ostendunt.
558 2396 747 2441 Proinde
770 2407 986 2460 quantum
1009 2396 1054 2441 in
1085 2396 1189 2459 ipsis
1211 2406 1294 2450 est,
1318 2411 1458 2439 mern-

78 2466 160 2510 bra
177 2482 253 2510 sua
271 2466 478 2511 exhibent
499 2484 617 2511 arma
640 2467 883 2530 iniquitatis
906 2478 1088 2530 peccato
1113 2484 1123 2510 z
1145 2466 1248 2528 quia
1272 2465 1359 2509 hoe
1385 2481 1458 2510 vo-

80 2534 177 2581 lunt
194 2572 205 2591 ‚
232 2535 350 2598 quod
372 2546 604 2599 propterea
633 2554 720 2582 non
749 2537 979 2592 exhibent,
1004 2535 1109 2598 quia
1140 2552 1228 2579 non
1253 2544 1448 2597 possunt.

129 2619 138 2640 ¹
160 2619 236 2649 Psal.
260 2629 329 2657 xm,
353 2630 378 2649 1.
398 2636 442 2643 -—
461 2618 547 2649 21d.
565 2630 638 2656 exn,
662 2626 694 2655 4.
716 2639 758 2643 -
780 2618 793 2641 3
809 2624 900 2652 Κυυ]Δ
925 2631 968 2662 u,
990 2630 1043 2656 12,
1060 2619 1113 2649 13.
