1758 3246
409 272 463 302 DE
500 270 621 301 noso
657 271 931 309 morsi-aris,
970 271 1056 302 Lm.
1102 273 1130 303 1.
1365 259 1457 305 365

84 335 254 381 narium
274 334 493 389 fructum,
524 335 557 379 si
586 334 629 379 in
661 335 876 394 conjugali
906 335 1023 379 bono
1058 336 1146 397 ipse
1177 336 1453 397 intelligitur,

80 408 171 463 jam
196 404 424 450 dominicis
454 404 618 449 horreis
644 403 923 451 intulerunt1.
970 404 1211 450 Habebunt
1239 424 1337 467 ergo
1368 407 1456 453 illic

87 475 230 520 omnia
249 475 327 520 ista
345 474 462 520 bona
478 491 604 519 suum
627 473 771 520 locum
790 511 803 532 ‚
829 474 994 519 etiamsi
1017 473 1221 538 deinceps
1244 477 1363 523 nulla
1387 495 1457 523 ve-

85 543 136 589 lit
160 544 347 599 nubere,
373 543 442 589 vel
468 560 593 588 nemo
622 543 779 589 ducere
807 560 992 589 uxorem.
1028 543 1186 588 Secure
1211 545 1357 608 itaque
1388 547 1459 593 in-

88 623 197 658 state
228 613 389 677 quibus
426 614 628 676 potestis,
664 624 712 659 ut
741 614 849 659 siant
870 612 988 676 quod
1014 629 1089 658 vos
1113 613 1211 658 estis
1240 631 1250 658 :
1283 625 1324 659 et
1344 626 1460 660 orate

85 682 314 741 x‘igilanter
329 693 458 747 atque
476 683 711 739 ferventer,
734 693 781 728 ut
802 682 1015 742 adjutorio
1035 682 1219 728 dexterae
1237 684 1400 729 Excelsi
1422 695 1463 729 et

87 751 357 797 abundantia
380 753 789 798 misericordissimae
806 752 954 812 gratiae
975 752 1175 807 Domini,
1203 763 1246 798 et
1267 770 1463 816 perseve-

85 821 188 866 retis
207 822 252 866 in
271 839 320 867 eo
341 822 459 885 quod
477 823 574 868 estis
589 860 599 878 ,
623 833 664 868 et
680 821 919 886 proficiatis
942 821 997 867 ad
1017 821 1062 867 id
1087 821 1206 884 quod
1223 823 1353 869 entis.

150 892 313 938 XXIX.
357 892 522 937 Deinde
551 893 731 938 obsecro
761 909 834 938 vos
871 909 949 954 per
986 891 1111 937 illum
1142 909 1164 936 a
1192 908 1279 955 quo
1303 903 1344 937 et
1376 893 1462 940 hoc

88 959 251 1006 donum
269 961 517 1025 accepistis,
544 973 585 1008 et
608 963 741 1022 hujus
769 963 870 1008 doni
895 963 1077 1026 praemia
1101 962 1297 1025 speram,
1329 974 1374 1008 ut
1391 981 1461 1008 me

87 1048 261 1094 quoque
286 1033 556 1079 orationibus
581 1034 730 1079 vestris
755 1033 1033 1079 memineritis
1051 1033 1233 1078 inserere
1249 1050 1349 1079 cum
1371 1044 1461 1079 tota

88 1100 324 1147 domestica
347 1114 487 1148 vestra
514 1103 719 1149 Ecclesia.
754 1103 1085 1149 Ordinatissime
1114 1103 1279 1166 quippe
1304 1121 1464 1166 prove-

88 1170 153 1215 nit
171 1208 181 1226 ,
212 1181 260 1216 ut
273 1172 398 1217 matri
415 1183 566 1218 vestrae
582 1176 672 1231 jam
696 1172 941 1231 grandaevae
959 1171 1012 1215 de
1031 1173 1223 1215 oratione
1238 1171 1463 1233 epistolam

88 1240 372 1294 scriberem23
413 1241 468 1285 ad
490 1242 631 1302 ipsam
666 1240 831 1302 quippe
865 1239 1048 1284 maxime
1082 1240 1270 1300 pertinet
1301 1241 1464 1286 orando

89 1319 338 1354 concertare
362 1326 443 1372 pro
462 1309 586 1355 vobis
599 1346 610 1364 ‚
634 1325 733 1371 quae
756 1308 810 1353 de
826 1325 868 1353 se
885 1308 1027 1353 minus
1051 1307 1233 1353 sollicita
1249 1319 1311 1354 est
1331 1326 1463 1372 quam

88 1377 142 1423 de
165 1377 289 1423 vobis
310 1396 320 1423 ε
348 1389 390 1424 et
412 1389 460 1423 ut
486 1378 539 1423 ad
561 1389 601 1423 te
620 1378 767 1441 potius
785 1394 917 1440 quain
935 1377 989 1422 ad
1007 1377 1127 1423 illam
1143 1377 1231 1423 hoc
1251 1377 1304 1423 de
1324 1381 1462 1424 conti-

89 1449 235 1493 nentia
268 1448 432 1494 viduali
461 1448 738 1511 Opusculuin
770 1447 975 1502 facerem3
1003 1449 1105 1511 quia
1141 1448 1222 1493 tihi
1259 1466 1461 1512 superare

91 1517 238 1563 adhuc
261 1529 411 1575 restat,
431 1519 550 1582 quod
570 1522 661 1577 jam
691 1528 794 1563 aetas
818 1517 933 1563 illius
963 1518 1197 1581 superavit.
1228 1519 1360 1579 Virgo
1378 1537 1459 1565 au-

90 1599 176 1632 tem
202 1599 351 1634 sancta
381 1588 524 1651 proles
551 1599 716 1644 vestra,
749 1588 782 1633 si
814 1587 980 1650 aliquid
1013 1588 1065 1633 de
1096 1605 1169 1632 sna
1200 1588 1463 1651 professione

91 1656 304 1703 desiderat
329 1675 375 1702 ex
399 1657 623 1703 laboribus
640 1658 795 1703 nostris
810 1694 820 1712 ‚
844 1657 979 1702 hahet
998 1657 1206 1716 grandem
1227 1657 1391 1703 librum
1409 1659 1463 1704 de

91 1738 237 1773 sancta
259 1727 504 1786 virginitate
522 1765 533 1784 ,
566 1745 696 1791 quem
723 1728 848 1787 legat,
880 1729 944 1772 De
968 1744 1055 1790 quo
1073 1727 1253 1787 legendo
1276 1729 1401 1774 etiam
1421 1739 1464 1775 te

91 1813 440 1843 commonueram
454 1835 465 1853 ,
488 1799 692 1860 quoniam
715 1798 853 1843 multa
871 1798 1065 1843 continet
1080 1798 1253 1861 utrique
1268 1815 1464 1845 necessa—

91 1867 155 1912 ria
178 1867 390 1923 castitati,
423 1867 509 1913 hoc
538 1878 626 1924 est,
657 1868 859 1927 virginali
886 1878 1015 1930 atque
1042 1867 1235 1923 viduali,
1264 1884 1365 1930 quae
1389 1868 1464 1914 hic

91 1948 319 2000 propterea
342 1938 503 2000 partim
522 1939 704 1983 tenuiter
725 1939 874 1998 attigi,
902 1938 1063 2001 partim
1085 1938 1263 1983 omnino
1284 1949 1465 2001 praeter-

92 2007 216 2062 misi,
239 2009 343 2070 quia
362 2009 424 2054 ibi
456 2009 674 2072 copiosius
709 2008 943 2072 disputavi.
976 2010 1222 2056 Persei-eres
1251 2009 1297 2054 in
1330 2009 1465 2069 gratia

96 2075 275 2124 Christi.

145 2169 289 2204 imatth.
304 2181 381 2208 xm,
398 2173 429 2203 8.
455 2190 488 2194 -
510 2169 525 2192 2
548 2169 627 2202 vide
646 2171 821 2214 Epistulam
842 2174 916 2203 130.
934 2171 972 2203 αεὶ
987 2169 1138 2204 Proham.
