1758 3246
313 308 368 337 DE
405 306 641 337 comosus
680 303 992 343 Aoum-namis,
1033 305 1116 333 Ltss.
1163 306 1190 333 1.
1370 286 1463 348 389

88 391 108 411 »
134 370 334 416 Christus
354 370 477 415 vobis
503 369 616 414 nihil
638 366 866 432 proderit1
891 386 903 419 ;
929 386 949 405 »
980 367 1195 429 numquid
1232 367 1360 412 etiam
1385 365 1461 411 hic

88 440 195 486 dixit
220 458 230 485 ι
260 441 384 499 «Ego
407 439 507 484 dico
532 476 542 495 ,
568 456 656 484 11011
679 438 918 484 Dominus?
938 458 958 478 »
980 438 1078 482 Non
1097 447 1196 481 sunt
1217 438 1362 500 itaque
1380 437 1461 482 ista

87 510 264 564 similia,
285 510 387 572 quia
406 509 534 554 etiam
559 508 631 554 illa
657 525 756 571 quae
772 507 902 568 jubet
929 506 1141 551 Dominus
1163 543 1172 560 ‚
1203 524 1289 551 non
1306 518 1366 551 est
1386 507 1460 552 in-

87 579 269 638 dignum
299 595 437 641 neque
459 579 752 634 contrarium,
782 578 814 622 si
846 576 995 622 eadem
1028 586 1174 620 monet
1209 577 1454 638 Apostolus,

87 649 311 693 Monemus
336 648 451 693 enim
475 665 583 711 quos
611 648 767 693 charos
803 647 1017 691 habemus
1041 682 1051 699 ,
1089 656 1139 690 ut
1173 644 1335 690 faciant
1368 647 1461 690 Do-

85 718 191 762 mini
212 728 434 780 praeeepta
450 755 461 772 ‚
483 713 550 764 vel
570 722 700 777 jussa.
725 718 839 762 Cum
852 734 953 762 vero
974 716 1034 761 ait
1057 732 1067 759 :
1091 717 1213 775 «Ego
1233 715 1351 771 dico,
1374 733 1463 760 non

86 807 107 826 >2
133 787 345 832 Dominus
367 825 378 843 ‚
408 810 428 829 »
461 789 560 834 satis
599 787 786 833 ostendit
826 787 1063 832 Dominum
1100 803 1188 831 non
1228 786 1463 849 prohibere

85 857 202 919 quod
221 857 312 919 ipse
333 858 617 920 prohibebat.
658 857 959 903 prohibuisset
987 867 1129 902 autem
1152 857 1364 901 Dominus
1388 893 1398 911 ,
1429 856 1464 901 si

83 938 189 972 esset
208 927 428 975 illicitum.
461 930 575 988 Ergo
599 928 841 974 secundum
873 946 920 973 ea
954 943 1054 991 quae
1087 944 1218 990 supra
1246 927 1323 972 diu
1349 926 1463 972 dixi-

84 1013 180 1041 mus
195 1033 206 1052 ,
231 997 505 1061 multumque
516 999 797 1053 versavimus,
825 998 994 1042 licitum
1016 1008 1107 1042 erat
1125 1015 1202 1059 per
1221 996 1461 1056 justitiam;

83 1066 155 1111 sed
175 1068 303 1112 etiam
324 1067 492 1114 licitum
508 1086 595 1114 non
611 1079 701 1113 erat
723 1067 973 1113 faciendum
992 1077 1174 1128 propter
1190 1066 1374 1111 liberam
1388 1066 1463 1111 be-

83 1135 388 1184 nevolentiam.

146 1207 282 1253 XXV.
336 1209 403 1252 Tu
442 1218 584 1252 autem
623 1207 694 1249 eui
731 1204 874 1266 placet
893 1241 903 1257 ‚
940 1205 1000 1249 ita
1041 1221 1132 1248 non
1176 1204 1306 1250 licere
1340 1204 1461 1267 quod

80 1290 167 1317 11011
181 1284 297 1318 vetat
316 1274 528 1319 Dominus
546 1310 556 1328 ,
584 1273 657 1318 sed
687 1273 920 1336 Apostolus
939 1310 949 1328 ‚
984 1273 1355 1335 quemadmodum
1373 1291 1462 1318 non

79 1342 181 1388 lieet
201 1343 320 1406 quod
344 1354 459 1388 vetat
486 1343 699 1388 Dominus
716 1380 725 1398 ‚
763 1360 863 1388 eum
887 1360 1097 1406 exponere
1127 1343 1328 1388 voluisses
1353 1343 1461 1405 quid

80 1412 163 1456 sibi
180 1412 306 1457 vellet
329 1412 448 1474 quod
473 1412 531 1457 ait
564 1430 574 1456 :
596 1432 616 1452 α
636 1412 727 1471 Ego
760 1411 860 1457 dico
883 1449 894 1468 ‚
921 1429 1006 1457 non
1030 1412 1288 1467 Dominus2‚
1313 1433 1333 1453 »
1356 1430 1457 1457 eum

81 1480 372 1543 alloqueretur
383 1481 527 1526 fideles
539 1481 699 1543 quibus
710 1492 847 1526 essent
858 1485 1061 1540 conjuges
1071 1480 1282 1536 infideles,
1298 1482 1459 1526 dixisti:

82 1570 99 1589 (ι
123 1550 238 1605 Quia
262 1550 478 1595 Dominus
496 1551 625 1609 jussit
647 1567 700 1595 ne
725 1550 928 1609 conjugia
953 1551 1127 1595 sibimet
1154 1550 1333 1596 diversae
1356 1551 1459 1596 reli-

82 1639 102 1659 >2
130 1619 265 1678 gionis
289 1621 618 1682 copularentur.
649 1631 728 1665 »et
746 1620 889 1683 ipsum
910 1619 1153 1665 adhibuisti
1169 1621 1463 1666 testimonium

84 1687 259 1734 Domini
279 1690 461 1735 dicentis
487 1708 497 1734 :
520 1712 539 1731 «
555 1691 654 1735 Non
674 1691 859 1752 accipies
881 1707 1054 1735 uxorem
1076 1690 1167 1735 filio
1188 1701 1263 1735 tuo
1292 1709 1311 1736 a
1343 1691 1459 1736 filia-

81 1779 102 1799 »
126 1759 210 1804 bus
231 1759 567 1819 alienigenarum
583 1797 593 1812 ‚
616 1778 668 1804 ne
688 1760 891 1805 traducat
913 1777 1012 1804 eum
1026 1771 1123 1822 post
1140 1760 1241 1806 deos
1259 1778 1354 1806 suos
1373 1799 1383 1817 ‚
1420 1773 1462 1806 et

83 1850 103 1869 »
130 1839 276 1891 pereat
294 1830 437 1875 anima
453 1834 543 1889 ejus
557 1829 622 1876 ¹1.»
636 1830 850 1875 Addidisti
865 1831 995 1875 etiam
1008 1831 1139 1876 verba
1156 1832 1369 1894 Apostoli⁵
1388 1833 1464 1877 ubi

83 1898 189 1943 dixit
211 1917 222 1943 :
243 1899 434 1944 «Mulier
461 1900 632 1959 alligata
649 1911 736 1955 est,
765 1900 963 1963 quandiu
981 1901 1046 1945 vir
1070 1904 1161 1959 eJ'us
1181 1902 1302 1948 vivit.
1328 1903 1459 1958 Quod

83 1988 104 2009 >³
128 1968 163 2012 si
184 1979 380 2013 mortuus
397 1968 527 2014 fuerit
541 1969 609 2014 vir
628 1973 718 2027 ejus
736 2006 747 2023 ,
774 1969 956 2014 liberata
977 1980 1040 2013 est
1063 1987 1072 2013 :
1098 1971 1168 2015 cui
1185 1971 1280 2016 vult
1296 1973 1432 2016 nubat
1449 2010 1458 2020 ,

81 2061 103 2080 2>
122 2048 290 2084 tantum
310 2039 356 2084 in
380 2039 601 2084 Domino2
629 2055 639 2082 :
665 2060 685 2079 ›>
715 2038 834 2101 quod
856 2039 916 2084 ita
938 2040 1197 2101 exposuisti,
1231 2051 1279 2086 ut
1309 2042 1462 2101 adjun-

83 2125 198 2167 geres
223 2125 234 2152 :
263 2129 283 2149 «
301 2107 353 2153 ld
378 2119 456 2164 est,
482 2107 748 2153 Christiano.
770 2128 790 2149 >³
811 2108 978 2154 Deinde
995 2120 1166 2154 secutus
1187 2127 1246 2166 es,
1268 2122 1310 2155 ct
1337 2113 1431 2157 aisti
1452 2131 1462 2157 ;

84 2197 104 2218 «
133 2178 230 2223 Hoc
253 2188 316 2223 est
337 2195 436 2237 ergo
461 2178 638 2223 Domini
654 2189 929 2241 praeceptum
951 2189 1038 2225 tam
1057 2180 1251 2226 inYeteri
1275 2198 1405 2245 quam
1421 2184 1464 2227 in

81 2267 102 2288 ›>
128 2248 252 2292 Novo
287 2248 560 2293 Testamento
576 2285 587 2304 ‚
628 2258 676 2292 ut
699 2249 872 2295 nonnisi
899 2250 1027 2295 unius
1050 2249 1269 2310 religionis
1292 2263 1333 2296 et
1359 2252 1460 2297 fidei

85 2336 106 2358 >)
130 2316 331 2376 conjugia
345 2317 428 2362 sibi
444 2328 647 2363 maneant
658 2320 875 2381 copulata.
887 2340 908 2361 »
926 2319 970 2365 Si
988 2320 1074 2365 hoc
1091 2338 1190 2380 ergo
1210 2332 1272 2366 est
1285 2322 1463 2368 Domini

83 2397 354 2450 praeceptum
376 2397 464 2433 tam
489 2389 535 2433 in
554 2388 698 2434 Veteri
717 2391 992 2436 Testamento
1018 2408 1150 2453 quam
1179 2392 1223 2436 in
1244 2392 1366 2436 Novo
1384 2429 1394 2447 ‚
1422 2404 1465 2438 et

84 2456 173 2502 hoc
204 2457 335 2515 jubet
380 2458 619 2514 Dominus,
650 2459 737 2506 hoc
761 2460 888 2506 docet
916 2460 1150 2524 Apostolus
1174 2497 1184 2516 ,
1212 2471 1261 2505 ut
1287 2463 1461 2507 nonnisi

86 2525 214 2572 unius
231 2526 446 2587 religionis
463 2539 505 2574 et
525 2528 627 2575 fidei
642 2541 843 2577 maneant
860 2529 1064 2594 copulata
1079 2533 1175 2588 conj
1184 2529 1280 2590 ugia
1296 2550 1308 2584 3
1330 2548 1462 2594 quare

136 2611 147 2632 ¹
161 2610 268 2642 Galat.
289 2621 319 2650 v,
338 2622 369 2644 2.
397 2628 442 2635 ——
458 2610 474 2632 ²
492 2625 503 2644 1
519 2614 596 2644 Cor.
618 2624 677 2655 vn,
700 2625 752 2644 12.
769 2632 809 2638 —
828 2612 843 2637 3
860 2618 957 2647 Deut.
974 2625 1034 2652 vn,
1055 2616 1085 2647 3,
1109 2631 1151 2638 -—
1170 2611 1183 2635 ⁴
1208 2625 1219 2644 1
1237 2616 1310 2646 Cor.
1330 2626 1383 2653 111,
1400 2619 1455 2657 39.
