1758 3246
268 327 361 380 4⁶20
679 337 713 366 s.
757 334 998 365 :mensum
1035 333 1235 363 EPISCOP1

256 418 362 457 esse,
390 417 475 445 non
514 400 772 446 voluntatis:
797 400 900 462 quia
917 410 957 444 et
977 397 1038 443 illi
1055 398 1131 461 qui
1161 415 1254 443 eam
1272 396 1493 443 voluntate
1517 397 1634 443 dele-

262 480 433 531 gerunt,
460 468 654 515 fecerunt
684 487 774 516 eam
794 486 879 515 esse
907 468 1167 513 necessitatis
1183 487 1193 519 ;
1210 467 1416 530 quoniam
1429 470 1523 526 jam
1547 467 1636 513 sine

266 539 543 586 damnatione
558 542 612 585 ab
630 539 704 584 illa
726 539 896 584 deviare
918 555 1001 582 non
1018 546 1199 599 possunt
1214 554 1225 581 ε
1240 547 1281 581 et
1302 537 1376 600 qui
1394 537 1547 581 ineam
1566 554 1638 582 ne-

267 610 460 656 cessitate
485 610 677 656 contrusi
718 619 819 654 sunt
843 646 853 663 ‚
880 607 1045 653 faciunt
1069 623 1162 651 eam
1186 623 1271 650 esse
1302 606 1542 651 voluntatis
1558 642 1569 659 ‚
1607 606 1644 651 si

267 696 357 725 non
376 678 430 725 de
453 696 495 725 se
510 680 616 742 ipsis
635 716 644 733 2.
674 677 742 723 sed
770 678 823 722 de
841 677 914 722 illo
933 695 955 722 a
980 693 1067 739 quo
1086 686 1146 721 est
1166 676 1332 720 bonum
1357 692 1485 720 onine
1503 675 1645 721 confi-

271 749 396 796 dunt.
428 749 498 794 llli
521 749 575 794 ad
594 765 686 793 eam
717 748 1062 794 conscenderunt
1098 763 1227 791 causa
1260 746 1434 805 majoris
1469 746 1644 805 gloriae,

267 830 318 865 ut
341 818 505 881 aliquid
529 818 717 881 amplius
749 818 989 863 invenirent
1011 837 1022 870 3
1054 816 1127 861 lsti
1161 815 1215 861 acl
1247 833 1339 861 eam
1362 814 1651 874 confugerunt

270 905 376 934 cura
412 887 561 933 salutis
591 888 859 943 novissiniae,
900 904 953 931 ne
991 886 1181 949 perirent
1204 903 1214 930 ε
1257 885 1431 948 utrique
1472 902 1652 948 perma-

268 968 416 1006 neant.
441 957 615 1020 utrique
634 958 681 1002 in
722 957 841 1020 quod
867 967 1158 1020 pervenerunt
1189 955 1414 1000 ambulent
1449 971 1585 1017 usque
1609 955 1654 1000 in

272 1028 429 1082 finem,
467 1027 661 1072 ferveant
699 1027 852 1072 studiis
868 1064 879 1083 ,
921 1025 1172 1089 supplicent
1198 1025 1311 1071 votis
1333 1043 1344 1070 ε
1368 1025 1471 1087 quia
1493 1035 1536 1070 et
1569 1023 1653 1069 illis

273 1097 386 1144 salus
406 1097 638 1157 cogitanda
667 1108 730 1142 est
748 1135 759 1153 ,
787 1107 836 1142 ut
859 1098 915 1141 ab
939 1114 988 1142 eo
1012 1096 1131 1159 quod
1155 1096 1357 1142 voluntas
1377 1095 1563 1158 arripuit
1585 1111 1654 1139 ca-

277 1169 377 1214 dere
398 1169 600 1220 timeant;
621 1178 664 1212 et
685 1168 776 1212 istis
793 1167 928 1227 gloria
958 1167 1226 1229 desperanda
1260 1183 1348 1212 non
1372 1176 1432 1211 est
1449 1202 1460 1220 ,
1490 1165 1523 1210 si
1546 1165 1592 1210 in
1606 1180 1655 1209 eo

271 1238 393 1302 quod
425 1238 650 1283 necessitas
671 1238 836 1293 intulit,
855 1237 1078 1300 persistere
1093 1237 1298 1296 deligant.
1328 1236 1435 1280 Fieri
1448 1235 1564 1280 enim
1582 1251 1656 1297 po-

276 1319 375 1363 test,
394 1318 442 1353 ut
458 1308 548 1353 Deo
567 1318 749 1352 terrente
762 1318 802 1352 et
822 1308 1040 1361 hortante,
1063 1315 1341 1352 convertente
1362 1315 1403 1349 et
1426 1303 1651 1366 implente,

269 1378 491 1422 humanus
514 1377 559 1421 in
586 1376 739 1421 melius
765 1386 958 1421 mutetur
982 1377 1158 1420 affectus
1180 1392 1192 1419 ι
1220 1385 1347 1436 atque
1383 1374 1442 1418 ita
1472 1383 1658 1419 voveant,

275 1447 365 1492 sine
389 1446 600 1504 conjugiis
626 1457 668 1490 et
690 1446 779 1490 sine
803 1446 891 1490 ullo
926 1445 1167 1490 concubitu
1189 1455 1319 1506 atque
1341 1442 1569 1488 immunda
1598 1442 1655 1487 li-

277 1516 441 1562 bidinis
465 1517 764 1561 attrectatione
785 1516 1204 1578 perseverantissime
1226 1515 1369 1559 vivere
1385 1550 1396 1569 ‚
1425 1524 1474 1558 ut
1495 1513 1658 1558 etiamsi

277 1597 474 1649 separata
499 1586 700 1646 conjugia
716 1586 863 1631 locum
887 1585 1077 1631 ducendi
1101 1585 1202 1631 alias
1222 1583 1447 1629 moriendo
1473 1599 1657 1646 aperue-

276 1657 387 1712 rint,
410 1656 642 1702 claudatur
666 1673 714 1701 ex
739 1668 840 1703 voto
865 1657 985 1720 quod
1004 1667 1126 1719 patet
1148 1673 1195 1701 ex
1211 1655 1349 1710 licito,
1366 1665 1407 1700 et
1426 1653 1544 1717 quod
1568 1663 1659 1698 erat

276 1727 526 1773 necessitate
551 1737 751 1789 coeptum
770 1763 781 1781 ,
823 1728 900 1772 fiat
926 1727 1138 1771 charitate
1186 1724 1440 1788 perfectum.
1474 1723 1658 1769 Talibus

280 1797 477 1861 profecto
501 1795 545 1841 id
578 1797 860 1850 retribuetur,
886 1796 1006 1859 quod
1030 1796 1112 1841 illis
1134 1795 1211 1858 qui
1242 1794 1308 1839 vel
1329 1793 1424 1857 pari
1449 1809 1659 1839 consensu

279 1885 380 1914 cum
411 1868 673 1927 conjugibus
701 1868 787 1913 hoc
806 1877 1035 1922 voverunt,
1064 1866 1131 1911 vel
1167 1865 1297 1910 nullis
1327 1864 1540 1923 conjugiis
1567 1862 1658 1908 alli-

279 1938 366 1997 gati
389 1947 570 2000 propter
599 1941 736 1996 majus
767 1938 934 1982 bonum
975 1935 1284 1981 continentiam
1315 1933 1579 1993 delegerunt.
1613 1932 1658 1978 Si

283 2017 427 2053 autem
449 2007 508 2050 ita
531 2023 573 2050 se
597 2007 837 2060 continent,
865 2017 912 2051 ut
936 2006 969 2050 si
983 2005 1226 2050 moriantur
1246 2020 1431 2066 quarum
1445 2003 1533 2049 vita
1549 2019 1660 2048 con-

278 2076 423 2136 Jugari
476 2075 799 2139 impediuntur,
846 2076 950 2121 alias
996 2075 1153 2121 ducere
1203 2074 1420 2134 cogitent,
1465 2072 1661 2136 profecto

285 2145 450 2191 etiamsi
480 2146 601 2208 prius
629 2146 712 2208 ipsi
746 2146 790 2190 in
829 2145 901 2190 tali
926 2145 1192 2191 continentia
1223 2144 1276 2188 de
1301 2159 1484 2206 corpore
1507 2142 1662 2187 absce-

287 2215 395 2261 dant
411 2252 421 2267 ,
451 2231 538 2259 non
557 2215 616 2260 eis
644 2215 890 2278 imputatur
906 2215 985 2260 nisi
1015 2215 1067 2260 ad
1090 2213 1345 2277 pudicitiam
1369 2211 1659 2271 conjugalem,

286 2295 614 2348 propterquam
636 2302 726 2330 non
752 2284 916 2330 faciunt
940 2284 1060 2347 quod
1099 2284 1287 2329 facerent
1321 2283 1355 2327 si
1378 2281 1539 2327 liceret.
1569 2281 1663 2326 Hac

285 2355 450 2418 quippe
475 2355 712 2399 intentione
739 2355 1011 2399 continenter
1034 2354 1174 2399 vivere
1192 2390 1203 2408 ,
1228 2368 1383 2415 parum
1407 2361 1469 2396 est
1500 2349 1555 2395 ad
1581 2365 1660 2394 ac-

285 2424 486 2487 cipienda
502 2423 616 2469 illius
640 2441 739 2487 quae
759 2423 942 2485 *liberius
967 2423 1140 2483 eligitur
1155 2420 1433 2467 continentiae
1453 2418 1656 2481 praemia,

285 2495 360 2540 sed
380 2493 540 2539 sufficit
563 2493 617 2539 ad
635 2493 827 2540 cavenda
855 2493 1080 2539 adulteria.

354 2564 476 2611 XXI.
519 2563 628 2610 Haec
662 2573 804 2610 autem
826 2581 894 2610 me
916 2563 969 2609 de
995 2573 1180 2625 utroque
1208 2576 1305 2607 sexu
1329 2558 1573 2606 memineris
1594 2555 1661 2603 di·-

288 2646 382 2679 cere
398 2652 409 2687 ς
427 2632 501 2680 sed
519 2633 702 2681 maxime
713 2646 893 2697 propter
913 2635 1030 2682 viros
1055 2633 1131 2696 qui
1155 2641 1387 2696 propterea
1407 2647 1449 2677 se
1470 2627 1666 2675 foeminis
