1758 3246
314 302 367 330 niz
405 301 555 330 AGONE
592 299 882 338 ennis'riANO,
922 300 1007 328 LiB.
1052 302 1081 329 ι.
1322 286 1413 332 205

35 377 122 421 tur,
162 375 205 410 et
244 382 384 410 servos
429 381 515 410 esse
553 362 792 409 carnalium
835 361 1167 421 desideriorum,
1212 365 1410 411 nondum

36 435 214 481 eductos
237 435 282 480 in
299 434 542 479 libertatem
564 433 753 497 Spiritus
784 432 922 477 sancti
945 470 955 489 ,
984 443 1032 477 ut
1050 437 1142 492 jam
1167 451 1254 478 non
1273 436 1415 480 confi—

36 505 142 550 dant
165 505 210 550 in
238 504 436 550 homine:
465 515 507 550 et
531 521 623 549 non
651 503 800 549 audire
817 502 937 566 quod
958 502 1154 548 dextrum
1169 514 1248 557 est,
1270 504 1316 549 id
1335 516 1413 560 est,

36 575 215 622 Domini
266 573 447 634 gloriam
488 592 565 638 per
617 573 880 619 catholicam
933 571 1169 618 Ecclesiam
1213 573 1419 619 latissime

35 654 313 709 pervagatam
332 681 343 699 ,
371 644 443 690 sed
478 644 627 689 audire
673 644 892 688 sinistrum
931 641 1139 688 humanae
1183 642 1420 687 inflationis

36 730 236 760 errorem.
266 713 352 759 Sed
386 725 531 759 tamen
566 731 668 759 cum
690 713 903 758 Dominus
926 711 1045 757 dicat
1067 713 1113 757 in
1152 712 1387 771 Evangelio
1407 750 1418 767 ,

37 800 139 830 cum
175 800 253 846 per
275 800 422 829 omnes
446 794 591 843 gentes
615 782 903 842 Evangelium
937 781 1070 827 fuerit
1098 782 1387 844 praedicatum
1411 820 1420 830 .

38 865 141 899 tunc
167 854 296 898 finem
320 871 406 899 esse
432 854 631 899 futurum
651 853 695 897 1:
730 852 951 915 quomodo
984 852 1054 897 isti
1088 852 1274 908 dicunt,
1304 852 1423 915 quod

34 928 123 983 jam
140 934 307 969 caeterae
325 941 472 969 omnes
491 934 636 984 gentes
655 922 908 968 ceciderunt
920 940 943 967 a
956 921 1060 978 fide,
1078 922 1178 966 etin
1194 921 1282 966 sola
1300 932 1425 985 parte

38 995 199 1039 Donati
235 995 437 1039 remansit
462 994 678 1050 Ecclesia,
717 1010 818 1039 cum
850 991 1126 1038 manifestum
1156 993 1234 1048 sit,
1254 1009 1301 1037 ex
1336 1008 1424 1054 quo

39 1064 116 1109 ista
134 1081 234 1126 pars
252 1064 307 1109 ab
334 1065 498 1109 unitate
516 1065 699 1127 praecisa
720 1074 782 1108 est
798 1100 808 1119 ,
828 1062 1058 1107 nonnullas
1093 1073 1236 1122 gentes
1278 1073 1426 1125 postea

40 1133 294 1189 credidisse,
316 1145 358 1178 et
386 1134 533 1179 adhuc
562 1151 648 1178 esse
683 1133 848 1194 aliquas
880 1150 979 1194 quae
997 1133 1193 1177 nondum
1232 1132 1431 1177 credide-

40 1214 166 1259 runt,
193 1203 354 1265 quibus
383 1202 579 1266 qnotidie
605 1219 695 1247 non
720 1212 909 1246 cessatur
943 1201 1224 1260 Evangeliuin
1252 1201 1422 1263 praedi-

44 1274 132 1319 cari
149 1277 167 1318 9
190 1273 298 1328 Quis
313 1290 400 1317 non
425 1273 607 1318 miretur
626 1289 712 1318 esse
730 1271 935 1334 aliquem,
954 1271 1032 1334 qui
1057 1288 1098 1316 se
1122 1271 1425 1316 Christianum

43 1343 129 1389 dici
140 1342 242 1389 velit
255 1380 265 1398 ,
285 1354 328 1387 et
353 1343 556 1388 adversus
572 1342 740 1388 Christi
765 1341 945 1401 gloriam
964 1352 1084 1387 tanta
1105 1341 1330 1403 impietate
1350 1358 1425 1385 ra-

43 1413 206 1478 piatur,
245 1424 294 1458 ut
324 1413 480 1458 audeat
514 1413 656 1457 dicere
693 1429 840 1456 omnes
862 1410 1050 1474 populos
1086 1411 1308 1470 gentium,
1353 1411 1429 1473 qui

43 1484 174 1530 modo
202 1483 348 1529 adhuc
379 1483 594 1528 accedunt
620 1481 819 1527 Ecclesiae
848 1482 949 1537 Dei,
988 1492 1031 1526 et
1072 1481 1117 1525 in
1154 1481 1233 1525 Dei
1268 1480 1427 1526 Filium

43 1554 292 1601 festinanter
314 1553 499 1599 credunt
514 1590 523 1608 ,
552 1553 736 1598 inaniter
758 1552 897 1597 facere
913 1588 923 1605 ,
948 1552 1051 1614 quia
1075 1568 1162 1596 non
1180 1568 1250 1596 eos
1274 1551 1429 1613 aliquis

46 1625 272 1670 Donatista
291 1624 513 1687 baptizat?
551 1624 593 1668 Si
603 1640 652 1669 ne
673 1622 810 1668 dubio
836 1622 916 1667 ista
940 1631 1239 1667 execrarentur
1279 1621 1430 1666 homi-

47 1712 120 1741 nes
137 1732 148 1751 ,
175 1704 217 1739 et
239 1711 309 1739 eos
322 1694 411 1738 sine
432 1693 638 1738 dilatione
659 1692 968 1754 relinquerent,
991 1691 1026 1736 si
1047 1691 1275 1736 Christum
1301 1707 1427 1753 quae-

48 1775 213 1821 rerent,
237 1765 269 1809 si
290 1764 525 1809 Ecclesiam
550 1763 776 1822 diligerent
797 1800 807 1819 ,
835 1762 867 1808 si
893 1762 1019 1808 liberi
1046 1772 1201 1817 essent,
1226 1761 1260 1807 si
1284 1778 1429 1807 aurem

50 1835 265 1881 dexteram
284 1834 494 1893 integram
523 1833 772 1879 retinerent.

117 1905 303 1951 XXXII.
335 1905 424 1949 Nec
448 1921 517 1949 eos
532 1903 776 1958 audiamus,
807 1902 883 1965 qui
907 1903 1106 1965 quamvis
1130 1903 1345 1948 neminem
1365 1919 1435 1947 re-

52 1975 292 2039 baptizent,
316 1974 613 2037 praeciderunt
624 1991 665 2018 se
683 1983 828 2018 tamen
845 1973 902 2017 ab
916 1973 1097 2029 unitate,
1119 1983 1161 2018 et
1176 1972 1441 2018 Luciferiani

53 2045 188 2103 magis
209 2043 298 2089 dici
325 2060 460 2106 quam
490 2042 710 2088 Catholici
737 2042 999 2088 maluerunt.
1031 2044 1083 2087 ln
1106 2060 1155 2088 eo
1179 2043 1294 2087 enim
1321 2042 1439 2105 quod

54 2113 301 2173 intelligunt
310 2113 529 2176 baptisma
550 2112 714 2157 Christi
734 2129 821 2157 non
835 2128 920 2156 esse
931 2112 1235 2174 repetendum,
1255 2123 1368 2157 recte
1377 2112 1438 2157 fa-

55 2185 191 2230 ciunt.
215 2183 417 2228 Sentiunt
435 2183 549 2228 enim
570 2192 887 2228 sacramentum
905 2182 1438 2246 sanctilavacrinusquani

56 2270 162 2309 esse,
180 2253 261 2298 nisi
279 2270 326 2298 ex
337 2252 554 2297 catholica
575 2251 767 2297 Ecclesia
782 2271 792 2305 ς
807 2250 878 2296 sed
894 2268 988 2296 eam
1003 2251 1188 2299 formam
1203 2270 1348 2298 secum
1361 2252 1438 2297 ha-

57 2324 158 2369 bere
175 2333 387 2368 sarmenta
407 2321 608 2385 praecisa,
623 2339 756 2384 quam
774 2321 820 2366 in
842 2321 933 2383 ipsa
957 2321 1062 2374 vite,
1082 2333 1313 2386 antequam
1326 2338 1436 2385 prae-

61 2394 324 2449 ciderentur,
347 2403 615 2456 acceperant.
641 2393 698 2437 Hi
723 2401 822 2436 sunt
840 2391 954 2436 enim
969 2392 1021 2437 de
1033 2393 1194 2455 quibus
1209 2392 1440 2455 Apostolus

61 2463 169 2509 dicit
190 2480 202 2509 ε
227 2485 245 2504 α
268 2463 486 2509 Habentes
511 2463 698 2526 speciem
720 2462 914 2525 pietatis,
937 2463 1142 2508 virtutem
1167 2475 1310 2509 autem
1349 2467 1440 2523 ejus

0 2551 1 2596 ᾗ
63 2555 84 2575 »
103 2534 374 2593 abnegantes.
402 2556 423 2576 ))
448 2536 523 2580 Est
551 2535 665 2580 enim
698 2550 853 2592 magna
880 2534 1016 2580 virtus
1057 2534 1229 2598 pietatis
1247 2571 1257 2590 ,
1295 2552 1375 2598 pax
1400 2545 1442 2578 et

114 2618 124 2638 ¹
143 2615 370 2649 Ma1111.xx1v.
393 2623 444 2653 14.
