<?xml version="1.0" encoding="UTF-8"?>
<!DOCTYPE html PUBLIC "-//W3C//DTD XHTML 1.0 Transitional//EN"
    "http://www.w3.org/TR/xhtml1/DTD/xhtml1-transitional.dtd">
<html xmlns="http://www.w3.org/1999/xhtml" xml:lang="en" lang="en">
 <head>
  <title>
</title>
<meta http-equiv="Content-Type" content="text/html;charset=utf-8" />
  <meta name='ocr-system' content='tesseract 3.04.00' />
  <meta name='ocr-capabilities' content='ocr_page ocr_carea ocr_par ocr_line ocrx_word'/>
</head>
<body>
  <div class='ocr_page' id='page_1' title='image "./operaomniaaccura26auguuoft/operaomniaaccura26auguuoft_0325.png"; bbox 0 0 1758 3246; ppageno 0'>
   <div class='ocr_carea' id='block_1_1' title="bbox 302 258 1406 315">
    <p class='ocr_par' dir='ltr' id='par_1_1' title="bbox 302 258 1406 315">
     <span class='ocr_line' id='line_1_1' title="bbox 302 258 1406 315; baseline -0.001 -9"><span class='ocrx_word' id='word_1_1' title='bbox 302 278 355 307; x_wconf 82' lang='lat' dir='ltr'>DE</span> <span class='ocrx_word' id='word_1_2' title='bbox 393 276 560 306; x_wconf 71' lang='lat' dir='ltr'>sANcrA</span> <span class='ocrx_word' id='word_1_3' title='bbox 594 274 882 306; x_wconf 72' lang='lat' dir='ltr'>vincmmrss</span> <span class='ocrx_word' id='word_1_4' title='bbox 906 295 917 315; x_wconf 77' lang='lat'><em>‚</em></span> <span class='ocrx_word' id='word_1_5' title='bbox 959 277 1042 306; x_wconf 74' lang='lat' dir='ltr'>tm.</span> <span class='ocrx_word' id='word_1_6' title='bbox 1086 276 1116 305; x_wconf 92' lang='lat'>1.</span> <span class='ocrx_word' id='word_1_7' title='bbox 1320 258 1406 305; x_wconf 82' lang='lat'>311</span> 
     </span>
    </p>
   </div>
   <div class='ocr_carea' id='block_1_2' title="bbox 0 337 1430 2498">
    <p class='ocr_par' dir='ltr' id='par_1_2' title="bbox 0 337 1430 2498">
     <span class='ocr_line' id='line_1_2' title="bbox 39 337 1413 405; baseline -0.001 -19"><span class='ocrx_word' id='word_1_8' title='bbox 39 350 143 396; x_wconf 81' lang='lat' dir='ltr'>test,</span> <span class='ocrx_word' id='word_1_9' title='bbox 164 351 211 387; x_wconf 89' lang='lat' dir='ltr'>ut</span> <span class='ocrx_word' id='word_1_10' title='bbox 234 342 417 405; x_wconf 83' lang='lat' dir='ltr'>quisque</span> <span class='ocrx_word' id='word_1_11' title='bbox 437 352 480 386; x_wconf 91' lang='lat' dir='ltr'>et</span> <span class='ocrx_word' id='word_1_12' title='bbox 502 341 614 386; x_wconf 83' lang='lat' dir='ltr'>mala</span> <span class='ocrx_word' id='word_1_13' title='bbox 632 357 729 385; x_wconf 75' lang='lat' dir='ltr'>vera</span> <span class='ocrx_word' id='word_1_14' title='bbox 756 339 917 385; x_wconf 67' lang='lat' dir='ltr'>devitet</span> <span class='ocrx_word' id='word_1_15' title='bbox 935 375 945 393; x_wconf 77' lang='lat'>‚</span> <span class='ocrx_word' id='word_1_16' title='bbox 976 350 1017 384; x_wconf 77' lang='lat' dir='ltr'>ot</span> <span class='ocrx_word' id='word_1_17' title='bbox 1039 357 1135 384; x_wconf 76' lang='lat' dir='ltr'>vera</span> <span class='ocrx_word' id='word_1_18' title='bbox 1166 337 1280 385; x_wconf 85' lang='lat' dir='ltr'>bona</span> <span class='ocrx_word' id='word_1_19' title='bbox 1307 339 1352 384; x_wconf 81' lang='lat' dir='ltr'>in</span> <span class='ocrx_word' id='word_1_20' title='bbox 1371 356 1413 384; x_wconf 89' lang='lat' dir='ltr'>se</span> 
     </span>
     <span class='ocr_line' id='line_1_3' title="bbox 40 409 1415 472; baseline -0.001 -16"><span class='ocrx_word' id='word_1_21' title='bbox 40 411 308 466; x_wconf 82' lang='lat' dir='ltr'>consideret,</span> <span class='ocrx_word' id='word_1_22' title='bbox 337 410 450 456; x_wconf 87' lang='lat' dir='ltr'>etde</span> <span class='ocrx_word' id='word_1_23' title='bbox 475 410 542 455; x_wconf 85' lang='lat' dir='ltr'>his</span> <span class='ocrx_word' id='word_1_24' title='bbox 569 411 689 455; x_wconf 82' lang='lat' dir='ltr'>Patri</span> <span class='ocrx_word' id='word_1_25' title='bbox 711 409 926 455; x_wconf 88' lang='lat' dir='ltr'>luminum</span> <span class='ocrx_word' id='word_1_26' title='bbox 949 409 1105 468; x_wconf 75' lang='lat' dir='ltr'>gratias</span> <span class='ocrx_word' id='word_1_27' title='bbox 1128 420 1251 467; x_wconf 81' lang='lat' dir='ltr'>agat,</span> <span class='ocrx_word' id='word_1_28' title='bbox 1280 428 1302 454; x_wconf 85' lang='lat' dir='ltr'>a</span> <span class='ocrx_word' id='word_1_29' title='bbox 1326 419 1415 472; x_wconf 80' lang='lat' dir='ltr'>quo</span> 
     </span>
     <span class='ocr_line' id='line_1_4' title="bbox 40 478 1418 542; baseline -0.001 -16"><span class='ocrx_word' id='word_1_30' title='bbox 40 480 266 526; x_wconf 87' lang='lat' dir='ltr'>descendit</span> <span class='ocrx_word' id='word_1_31' title='bbox 289 496 415 525; x_wconf 87' lang='lat' dir='ltr'>omne</span> <span class='ocrx_word' id='word_1_32' title='bbox 440 479 591 524; x_wconf 86' lang='lat' dir='ltr'>datum</span> <span class='ocrx_word' id='word_1_33' title='bbox 621 479 863 541; x_wconf 84' lang='lat' dir='ltr'>optimum,</span> <span class='ocrx_word' id='word_1_34' title='bbox 898 488 938 523; x_wconf 85' lang='lat' dir='ltr'>et</span> <span class='ocrx_word' id='word_1_35' title='bbox 970 495 1095 523; x_wconf 87' lang='lat' dir='ltr'>omne</span> <span class='ocrx_word' id='word_1_36' title='bbox 1121 478 1288 523; x_wconf 75' lang='lat' dir='ltr'>donum</span> <span class='ocrx_word' id='word_1_37' title='bbox 1314 492 1418 542; x_wconf 85' lang='lat' dir='ltr'>per-</span> 
     </span>
     <span class='ocr_line' id='line_1_5' title="bbox 40 549 1419 611; baseline -0.001 -15"><span class='ocrx_word' id='word_1_38' title='bbox 40 550 230 596; x_wconf 78' lang='lat' dir='ltr'>fectum1</span> <span class='ocrx_word' id='word_1_39' title='bbox 247 570 259 603; x_wconf 79' lang='lat'>3</span> <span class='ocrx_word' id='word_1_40' title='bbox 278 560 320 595; x_wconf 92' lang='lat' dir='ltr'>et</span> <span class='ocrx_word' id='word_1_41' title='bbox 336 560 481 595; x_wconf 86' lang='lat' dir='ltr'>tamen</span> <span class='ocrx_word' id='word_1_42' title='bbox 500 549 697 595; x_wconf 87' lang='lat' dir='ltr'>elationis</span> <span class='ocrx_word' id='word_1_43' title='bbox 712 549 819 594; x_wconf 78' lang='lat' dir='ltr'>vitio</span> <span class='ocrx_word' id='word_1_44' title='bbox 838 550 1098 611; x_wconf 81' lang='lat' dir='ltr'>reprobetur</span> <span class='ocrx_word' id='word_1_45' title='bbox 1115 585 1126 603; x_wconf 80' lang='grc'>,</span> <span class='ocrx_word' id='word_1_46' title='bbox 1150 550 1183 593; x_wconf 91' lang='lat' dir='ltr'>si</span> <span class='ocrx_word' id='word_1_47' title='bbox 1203 550 1294 594; x_wconf 77' lang='lat' dir='ltr'>aliis</span> <span class='ocrx_word' id='word_1_48' title='bbox 1317 566 1419 611; x_wconf 87' lang='lat' dir='ltr'>pec-</span> 
     </span>
     <span class='ocr_line' id='line_1_6' title="bbox 0 612 1416 690; baseline -0.002 -24"><span class='ocrx_word' id='word_1_49' title='bbox 0 612 8 690; x_wconf 57' lang='grc' dir='ltr'><strong>ᾗ</strong></span> <span class='ocrx_word' id='word_1_50' title='bbox 44 621 265 666; x_wconf 85' lang='lat' dir='ltr'>catoribus</span> <span class='ocrx_word' id='word_1_51' title='bbox 289 621 559 683; x_wconf 83' lang='lat' dir='ltr'>maximeque</span> <span class='ocrx_word' id='word_1_52' title='bbox 581 630 761 682; x_wconf 81' lang='lat' dir='ltr'>peccata</span> <span class='ocrx_word' id='word_1_53' title='bbox 781 620 826 664; x_wconf 88' lang='lat' dir='ltr'>in</span> <span class='ocrx_word' id='word_1_54' title='bbox 852 620 1044 665; x_wconf 83' lang='lat' dir='ltr'>oratione</span> <span class='ocrx_word' id='word_1_55' title='bbox 1078 620 1390 664; x_wconf 82' lang='lat' dir='ltr'>confitentibus</span> <span class='ocrx_word' id='word_1_56' title='bbox 1406 656 1416 674; x_wconf 87' lang='lat'><strong><em>‚</em></strong></span> 
     </span>
     <span class='ocr_line' id='line_1_7' title="bbox 0 689 1422 790; baseline -0.001 -55"><span class='ocrx_word' id='word_1_57' title='bbox 0 691 8 790; x_wconf 49' lang='grc' dir='ltr'>ἱ</span> <span class='ocrx_word' id='word_1_58' title='bbox 47 691 115 736; x_wconf 89' lang='lat' dir='ltr'>vel</span> <span class='ocrx_word' id='word_1_59' title='bbox 133 689 220 736; x_wconf 83' lang='lat' dir='ltr'>sola</span> <span class='ocrx_word' id='word_1_60' title='bbox 239 691 502 749; x_wconf 82' lang='lat' dir='ltr'>cogitatione</span> <span class='ocrx_word' id='word_1_61' title='bbox 521 707 620 753; x_wconf 86' lang='lat' dir='ltr'>quae</span> <span class='ocrx_word' id='word_1_62' title='bbox 647 707 791 736; x_wconf 81' lang='lat' dir='ltr'>coram</span> <span class='ocrx_word' id='word_1_63' title='bbox 817 692 908 735; x_wconf 88' lang='lat' dir='ltr'>Deo</span> <span class='ocrx_word' id='word_1_64' title='bbox 927 701 1010 745; x_wconf 77' lang='lat' dir='ltr'>est,</span> <span class='ocrx_word' id='word_1_65' title='bbox 1037 690 1250 753; x_wconf 83' lang='lat' dir='ltr'>superbus</span> <span class='ocrx_word' id='word_1_66' title='bbox 1280 690 1422 735; x_wconf 89' lang='lat' dir='ltr'>insul-</span> 
     </span>
     <span class='ocr_line' id='line_1_8' title="bbox 0 758 1422 823; baseline -0.002 -17"><span class='ocrx_word' id='word_1_67' title='bbox 0 801 5 822; x_wconf 29' lang='grc' dir='ltr'><strong>Υ</strong></span> <span class='ocrx_word' id='word_1_68' title='bbox 44 770 122 815; x_wconf 87' lang='lat' dir='ltr'>tet,</span> <span class='ocrx_word' id='word_1_69' title='bbox 141 760 307 823; x_wconf 87' lang='lat' dir='ltr'>quibus</span> <span class='ocrx_word' id='word_1_70' title='bbox 327 777 414 804; x_wconf 90' lang='lat' dir='ltr'>non</span> <span class='ocrx_word' id='word_1_71' title='bbox 432 760 708 823; x_wconf 78' lang='lat' dir='ltr'>exprobratio</span> <span class='ocrx_word' id='word_1_72' title='bbox 727 777 826 805; x_wconf 87' lang='lat' dir='ltr'>cum</span> <span class='ocrx_word' id='word_1_73' title='bbox 847 760 1068 804; x_wconf 81' lang='lat' dir='ltr'>inflatione</span> <span class='ocrx_word' id='word_1_74' title='bbox 1081 796 1091 809; x_wconf 84' lang='grc'>,</span> <span class='ocrx_word' id='word_1_75' title='bbox 1115 758 1188 804; x_wconf 86' lang='lat' dir='ltr'>sed</span> <span class='ocrx_word' id='word_1_76' title='bbox 1208 759 1422 804; x_wconf 80' lang='lat' dir='ltr'>miseratio</span> 
     </span>
     <span class='ocr_line' id='line_1_9' title="bbox 0 826 1422 899; baseline -0.001 -24"><span class='ocrx_word' id='word_1_77' title='bbox 0 826 6 899; x_wconf 53' lang='lat' dir='ltr'>l</span> <span class='ocrx_word' id='word_1_78' title='bbox 46 830 137 875; x_wconf 87' lang='lat' dir='ltr'>sine</span> <span class='ocrx_word' id='word_1_79' title='bbox 159 829 458 892; x_wconf 79' lang='lat' dir='ltr'>desperatione</span> <span class='ocrx_word' id='word_1_80' title='bbox 483 829 680 876; x_wconf 84' lang='lat' dir='ltr'>debetur.</span> <span class='ocrx_word' id='word_1_81' title='bbox 712 829 832 885; x_wconf 82' lang='lat' dir='ltr'>Quid</span> <span class='ocrx_word' id='word_1_82' title='bbox 849 828 957 874; x_wconf 84' lang='lat' dir='ltr'>illud</span> <span class='ocrx_word' id='word_1_83' title='bbox 983 829 1100 892; x_wconf 87' lang='lat' dir='ltr'>quod</span> <span class='ocrx_word' id='word_1_84' title='bbox 1121 829 1422 893; x_wconf 70' lang='lat' dir='ltr'>quaerentibus</span> 
     </span>
     <span class='ocr_line' id='line_1_10' title="bbox 0 901 1425 964; baseline -0.001 -18"><span class='ocrx_word' id='word_1_85' title='bbox 0 903 4 962; x_wconf 53' lang='lat' dir='ltr'>i</span> <span class='ocrx_word' id='word_1_86' title='bbox 49 901 159 946; x_wconf 87' lang='lat' dir='ltr'>inter</span> <span class='ocrx_word' id='word_1_87' title='bbox 178 917 220 946; x_wconf 85' lang='lat' dir='ltr'>se</span> <span class='ocrx_word' id='word_1_88' title='bbox 245 901 481 963; x_wconf 89' lang='lat' dir='ltr'>Discipulis</span> <span class='ocrx_word' id='word_1_89' title='bbox 502 902 702 964; x_wconf 82' lang='lat' dir='ltr'>quisnam</span> <span class='ocrx_word' id='word_1_90' title='bbox 727 917 875 946; x_wconf 87' lang='lat' dir='ltr'>eorum</span> <span class='ocrx_word' id='word_1_91' title='bbox 910 904 1049 959; x_wconf 75' lang='lat' dir='ltr'>major</span> <span class='ocrx_word' id='word_1_92' title='bbox 1071 911 1176 946; x_wconf 85' lang='lat' dir='ltr'>esset</span> <span class='ocrx_word' id='word_1_93' title='bbox 1193 938 1202 955; x_wconf 73' lang='lat'>‚</span> <span class='ocrx_word' id='word_1_94' title='bbox 1238 916 1425 963; x_wconf 82' lang='lat' dir='ltr'>puerum</span> 
     </span>
     <span class='ocr_line' id='line_1_11' title="bbox 0 963 1424 1033; baseline -0.001 -17"><span class='ocrx_word' id='word_1_95' title='bbox 0 963 5 1020; x_wconf 89' lang='grc' dir='ltr'>Ι</span> <span class='ocrx_word' id='word_1_96' title='bbox 45 971 279 1033; x_wconf 86' lang='lat' dir='ltr'>parvulum</span> <span class='ocrx_word' id='word_1_97' title='bbox 304 971 530 1016; x_wconf 64' lang='lat' dir='ltr'>constituit</span> <span class='ocrx_word' id='word_1_98' title='bbox 553 982 652 1016; x_wconf 87' lang='lat' dir='ltr'>ante</span> <span class='ocrx_word' id='word_1_99' title='bbox 681 971 830 1016; x_wconf 87' lang='lat' dir='ltr'>oculos</span> <span class='ocrx_word' id='word_1_100' title='bbox 859 988 1007 1016; x_wconf 83' lang='lat' dir='ltr'>eorum</span> <span class='ocrx_word' id='word_1_101' title='bbox 1029 1007 1039 1019; x_wconf 86' lang='lat'><strong>.</strong></span> <span class='ocrx_word' id='word_1_102' title='bbox 1081 971 1227 1016; x_wconf 86' lang='lat' dir='ltr'>dicens</span> <span class='ocrx_word' id='word_1_103' title='bbox 1250 987 1261 1014; x_wconf 74' lang='grc' dir='ltr'>ε</span> <span class='ocrx_word' id='word_1_104' title='bbox 1291 991 1310 1010; x_wconf 72' lang='grc' dir='ltr'>α</span> <span class='ocrx_word' id='word_1_105' title='bbox 1332 969 1424 1015; x_wconf 61' lang='lat' dir='ltr'>Nisi</span> 
     </span>
     <span class='ocr_line' id='line_1_12' title="bbox 47 1039 1425 1103; baseline -0.001 -18"><span class='ocrx_word' id='word_1_106' title='bbox 47 1061 68 1081; x_wconf 88' lang='lat'>»</span> <span class='ocrx_word' id='word_1_107' title='bbox 84 1039 250 1086; x_wconf 86' lang='lat' dir='ltr'>fueritis</span> <span class='ocrx_word' id='word_1_108' title='bbox 276 1040 388 1085; x_wconf 89' lang='lat' dir='ltr'>sicut</span> <span class='ocrx_word' id='word_1_109' title='bbox 409 1057 522 1103; x_wconf 86' lang='lat' dir='ltr'>puer</span> <span class='ocrx_word' id='word_1_110' title='bbox 546 1041 646 1087; x_wconf 86' lang='lat' dir='ltr'>iste.</span> <span class='ocrx_word' id='word_1_111' title='bbox 670 1058 758 1085; x_wconf 89' lang='lat' dir='ltr'>non</span> <span class='ocrx_word' id='word_1_112' title='bbox 779 1041 998 1086; x_wconf 82' lang='lat' dir='ltr'>intrabitis</span> <span class='ocrx_word' id='word_1_113' title='bbox 1023 1041 1068 1085; x_wconf 89' lang='lat' dir='ltr'>in</span> <span class='ocrx_word' id='word_1_114' title='bbox 1091 1057 1271 1100; x_wconf 83' lang='lat' dir='ltr'>regnum</span> <span class='ocrx_word' id='word_1_115' title='bbox 1290 1039 1425 1085; x_wconf 89' lang='lat' dir='ltr'>coelo-</span> 
     </span>
     <span class='ocr_line' id='line_1_13' title="bbox 47 1110 1427 1164; baseline -0.001 -9"><span class='ocrx_word' id='word_1_116' title='bbox 47 1132 68 1151; x_wconf 81' lang='lat'>»</span> <span class='ocrx_word' id='word_1_117' title='bbox 87 1111 248 1156; x_wconf 72' lang='lat' dir='ltr'>rum2‘?</span> <span class='ocrx_word' id='word_1_118' title='bbox 273 1132 292 1151; x_wconf 84' lang='lat'>»</span> <span class='ocrx_word' id='word_1_119' title='bbox 318 1127 459 1156; x_wconf 89' lang='lat' dir='ltr'>nonne</span> <span class='ocrx_word' id='word_1_120' title='bbox 483 1110 775 1155; x_wconf 79' lang='lat' dir='ltr'>humilitatem</span> <span class='ocrx_word' id='word_1_121' title='bbox 799 1111 982 1155; x_wconf 70' lang='lat' dir='ltr'>maxime</span> <span class='ocrx_word' id='word_1_122' title='bbox 1005 1110 1327 1155; x_wconf 78' lang='lat' dir='ltr'>commendavit</span> <span class='ocrx_word' id='word_1_123' title='bbox 1347 1147 1357 1164; x_wconf 87' lang='lat'><strong>‚</strong></span> <span class='ocrx_word' id='word_1_124' title='bbox 1383 1118 1427 1154; x_wconf 89' lang='lat' dir='ltr'>et</span> 
     </span>
     <span class='ocr_line' id='line_1_14' title="bbox 0 1179 1425 1241; baseline -0.001 -15"><span class='ocrx_word' id='word_1_125' title='bbox 0 1222 1 1228; x_wconf 72' lang='grc'>,</span> <span class='ocrx_word' id='word_1_126' title='bbox 43 1181 90 1225; x_wconf 88' lang='lat' dir='ltr'>in</span> <span class='ocrx_word' id='word_1_127' title='bbox 109 1197 158 1225; x_wconf 90' lang='lat' dir='ltr'>ea</span> <span class='ocrx_word' id='word_1_128' title='bbox 180 1181 383 1225; x_wconf 87' lang='lat' dir='ltr'>meritum</span> <span class='ocrx_word' id='word_1_129' title='bbox 420 1179 732 1238; x_wconf 81' lang='lat' dir='ltr'>magnitudinis</span> <span class='ocrx_word' id='word_1_130' title='bbox 757 1181 935 1241; x_wconf 63' lang='lat' dir='ltr'>posuit?</span> <span class='ocrx_word' id='word_1_131' title='bbox 968 1179 1045 1224; x_wconf 81' lang='lat' dir='ltr'>Vel</span> <span class='ocrx_word' id='word_1_132' title='bbox 1076 1196 1178 1224; x_wconf 88' lang='lat' dir='ltr'>cum</span> <span class='ocrx_word' id='word_1_133' title='bbox 1213 1179 1312 1224; x_wconf 82' lang='lat' dir='ltr'>filiis</span> <span class='ocrx_word' id='word_1_134' title='bbox 1339 1179 1425 1224; x_wconf 90' lang='lat' dir='ltr'>Ze-</span> 
     </span>
     <span class='ocr_line' id='line_1_15' title="bbox 0 1233 1426 1311; baseline -0.001 -16"><span class='ocrx_word' id='word_1_135' title='bbox 0 1233 2 1295; x_wconf 72' lang='lat' dir='ltr'>l</span> <span class='ocrx_word' id='word_1_136' title='bbox 43 1250 186 1295; x_wconf 83' lang='lat' dir='ltr'>bedaei</span> <span class='ocrx_word' id='word_1_137' title='bbox 212 1249 345 1294; x_wconf 84' lang='lat' dir='ltr'>latera</span> <span class='ocrx_word' id='word_1_138' title='bbox 369 1253 461 1307; x_wconf 70' lang='lat' dir='ltr'>eJus</span> <span class='ocrx_word' id='word_1_139' title='bbox 493 1250 537 1294; x_wconf 89' lang='lat' dir='ltr'>in</span> <span class='ocrx_word' id='word_1_140' title='bbox 573 1248 739 1294; x_wconf 85' lang='lat' dir='ltr'>sedium</span> <span class='ocrx_word' id='word_1_141' title='bbox 772 1249 1039 1294; x_wconf 86' lang='lat' dir='ltr'>sublimitate</span> <span class='ocrx_word' id='word_1_142' title='bbox 1069 1249 1426 1311; x_wconf 88' lang='lat' dir='ltr'>concupiscenti-</span> 
     </span>
     <span class='ocr_line' id='line_1_16' title="bbox 0 1318 1425 1381; baseline -0.001 -16"><span class='ocrx_word' id='word_1_143' title='bbox 0 1339 1 1351; x_wconf 32' lang='grc' dir='ltr'>ἢ</span> <span class='ocrx_word' id='word_1_144' title='bbox 44 1320 154 1374; x_wconf 86' lang='lat' dir='ltr'>bus,</span> <span class='ocrx_word' id='word_1_145' title='bbox 174 1320 233 1364; x_wconf 84' lang='lat' dir='ltr'>ita</span> <span class='ocrx_word' id='word_1_146' title='bbox 251 1318 502 1381; x_wconf 48' lang='lat' dir='ltr'>respondi&amp;</span> <span class='ocrx_word' id='word_1_147' title='bbox 520 1356 531 1374; x_wconf 89' lang='lat'>‚</span> <span class='ocrx_word' id='word_1_148' title='bbox 556 1329 604 1364; x_wconf 92' lang='lat' dir='ltr'>ut</span> <span class='ocrx_word' id='word_1_149' title='bbox 628 1319 838 1381; x_wconf 85' lang='lat' dir='ltr'>passionis</span> <span class='ocrx_word' id='word_1_150' title='bbox 857 1322 948 1378; x_wconf 90' lang='lat' dir='ltr'>ejus</span> <span class='ocrx_word' id='word_1_151' title='bbox 974 1319 1155 1364; x_wconf 81' lang='lat' dir='ltr'>calicem</span> <span class='ocrx_word' id='word_1_152' title='bbox 1180 1318 1425 1364; x_wconf 83' lang='lat' dir='ltr'>hibendum</span> 
     </span>
     <span class='ocr_line' id='line_1_17' title="bbox 45 1388 1423 1452; baseline -0.001 -18"><span class='ocrx_word' id='word_1_153' title='bbox 45 1389 191 1452; x_wconf 89' lang='lat' dir='ltr'>potius</span> <span class='ocrx_word' id='word_1_154' title='bbox 211 1389 475 1447; x_wconf 82' lang='lat' dir='ltr'>cogitarent,</span> <span class='ocrx_word' id='word_1_155' title='bbox 496 1389 539 1433; x_wconf 85' lang='lat' dir='ltr'>in</span> <span class='ocrx_word' id='word_1_156' title='bbox 559 1405 647 1451; x_wconf 88' lang='lat' dir='ltr'>quo</span> <span class='ocrx_word' id='word_1_157' title='bbox 665 1405 706 1433; x_wconf 89' lang='lat' dir='ltr'>se</span> <span class='ocrx_word' id='word_1_158' title='bbox 723 1388 975 1434; x_wconf 81' lang='lat' dir='ltr'>humiliavit</span> <span class='ocrx_word' id='word_1_159' title='bbox 994 1405 1130 1452; x_wconf 87' lang='lat' dir='ltr'>usque</span> <span class='ocrx_word' id='word_1_160' title='bbox 1150 1388 1203 1436; x_wconf 82' lang='lat' dir='ltr'>ad</span> <span class='ocrx_word' id='word_1_161' title='bbox 1220 1399 1423 1442; x_wconf 90' lang='lat' dir='ltr'>mortem,</span> 
     </span>
     <span class='ocr_line' id='line_1_18' title="bbox 46 1458 1429 1521; baseline -0.001 -17"><span class='ocrx_word' id='word_1_162' title='bbox 46 1469 229 1504; x_wconf 90' lang='lat' dir='ltr'>mortem</span> <span class='ocrx_word' id='word_1_163' title='bbox 252 1469 395 1504; x_wconf 84' lang='lat' dir='ltr'>autern</span> <span class='ocrx_word' id='word_1_164' title='bbox 417 1458 606 1513; x_wconf 75' lang='lat' dir='ltr'>crucis-¹⁸,</span> <span class='ocrx_word' id='word_1_165' title='bbox 627 1474 760 1520; x_wconf 85' lang='lat' dir='ltr'>quam</span> <span class='ocrx_word' id='word_1_166' title='bbox 779 1458 968 1520; x_wconf 86' lang='lat' dir='ltr'>superbo</span> <span class='ocrx_word' id='word_1_167' title='bbox 995 1459 1193 1520; x_wconf 81' lang='lat' dir='ltr'>appetitu</span> <span class='ocrx_word' id='word_1_168' title='bbox 1230 1458 1429 1521; x_wconf 74' lang='lat' dir='ltr'>praeferri</span> 
     </span>
     <span class='ocr_line' id='line_1_19' title="bbox 46 1526 1426 1591; baseline -0.001 -17"><span class='ocrx_word' id='word_1_169' title='bbox 46 1529 210 1575; x_wconf 69' lang='lat' dir='ltr'>cae&#39;teris</span> <span class='ocrx_word' id='word_1_170' title='bbox 234 1528 506 1591; x_wconf 82' lang='lat' dir='ltr'>postularent</span> <span class='ocrx_word' id='word_1_171' title='bbox 525 1564 535 1582; x_wconf 74' lang='grc'>,</span> <span class='ocrx_word' id='word_1_172' title='bbox 575 1526 683 1590; x_wconf 89' lang='lat' dir='ltr'>quid</span> <span class='ocrx_word' id='word_1_173' title='bbox 712 1527 925 1581; x_wconf 77' lang='lat' dir='ltr'>ostendit,</span> <span class='ocrx_word' id='word_1_174' title='bbox 950 1527 1031 1572; x_wconf 80' lang='lat' dir='ltr'>nisi</span> <span class='ocrx_word' id='word_1_175' title='bbox 1059 1527 1119 1572; x_wconf 86' lang='lat' dir='ltr'>eis</span> <span class='ocrx_word' id='word_1_176' title='bbox 1150 1544 1191 1572; x_wconf 92' lang='lat' dir='ltr'>se</span> <span class='ocrx_word' id='word_1_177' title='bbox 1226 1527 1426 1572; x_wconf 85' lang='lat' dir='ltr'>futurum</span> 
     </span>
     <span class='ocr_line' id='line_1_20' title="bbox 46 1597 1426 1660; baseline -0.001 -17"><span class='ocrx_word' id='word_1_178' title='bbox 46 1599 288 1643; x_wconf 83' lang='lat' dir='ltr'>altitudinis</span> <span class='ocrx_word' id='word_1_179' title='bbox 310 1597 556 1657; x_wconf 84' lang='lat' dir='ltr'>largitorem</span> <span class='ocrx_word' id='word_1_180' title='bbox 572 1633 582 1649; x_wconf 84' lang='lat'><strong>‚</strong></span> <span class='ocrx_word' id='word_1_181' title='bbox 606 1598 682 1660; x_wconf 88' lang='lat' dir='ltr'>qui</span> <span class='ocrx_word' id='word_1_182' title='bbox 699 1614 797 1642; x_wconf 87' lang='lat' dir='ltr'>eum</span> <span class='ocrx_word' id='word_1_183' title='bbox 819 1597 1043 1642; x_wconf 80' lang='lat' dir='ltr'>doctorem</span> <span class='ocrx_word' id='word_1_184' title='bbox 1070 1597 1328 1643; x_wconf 83' lang='lat' dir='ltr'>humilitatis</span> <span class='ocrx_word' id='word_1_185' title='bbox 1352 1614 1426 1642; x_wconf 55' lang='lat' dir='ltr'>an*</span> 
     </span>
     <span class='ocr_line' id='line_1_21' title="bbox 45 1667 1425 1731; baseline -0.001 -17"><span class='ocrx_word' id='word_1_186' title='bbox 45 1679 112 1714; x_wconf 84' lang='lat' dir='ltr'>tea</span> <span class='ocrx_word' id='word_1_187' title='bbox 132 1671 442 1731; x_wconf 59' lang='lat' dir='ltr'>sequerentur?</span> <span class='ocrx_word' id='word_1_188' title='bbox 487 1668 690 1712; x_wconf 85' lang='lat' dir='ltr'>Jamvero</span> <span class='ocrx_word' id='word_1_189' title='bbox 724 1667 844 1730; x_wconf 80' lang='lat' dir='ltr'>quod</span> <span class='ocrx_word' id='word_1_190' title='bbox 870 1668 1059 1712; x_wconf 77' lang='lat' dir='ltr'>exiturus</span> <span class='ocrx_word' id='word_1_191' title='bbox 1093 1668 1147 1712; x_wconf 84' lang='lat' dir='ltr'>ad</span> <span class='ocrx_word' id='word_1_192' title='bbox 1183 1668 1425 1730; x_wconf 81' lang='lat' dir='ltr'>passionem</span> 
     </span>
     <span class='ocr_line' id='line_1_22' title="bbox 44 1737 1430 1800; baseline -0.001 -17"><span class='ocrx_word' id='word_1_193' title='bbox 44 1738 151 1784; x_wconf 87' lang='lat' dir='ltr'>lavit</span> <span class='ocrx_word' id='word_1_194' title='bbox 186 1738 318 1800; x_wconf 83' lang='lat' dir='ltr'>pedes</span> <span class='ocrx_word' id='word_1_195' title='bbox 350 1737 615 1799; x_wconf 82' lang='lat' dir='ltr'>Discipulis5</span> <span class='ocrx_word' id='word_1_196' title='bbox 635 1775 645 1793; x_wconf 73' lang='lat'>‚</span> <span class='ocrx_word' id='word_1_197' title='bbox 677 1738 935 1800; x_wconf 79' lang='lat' dir='ltr'>monuitque</span> <span class='ocrx_word' id='word_1_198' title='bbox 974 1738 1238 1800; x_wconf 73' lang='lat' dir='ltr'>apertissime</span> <span class='ocrx_word' id='word_1_199' title='bbox 1265 1749 1313 1784; x_wconf 87' lang='lat' dir='ltr'>ut</span> <span class='ocrx_word' id='word_1_200' title='bbox 1343 1738 1430 1783; x_wconf 90' lang='lat' dir='ltr'>hoc</span> 
     </span>
     <span class='ocr_line' id='line_1_23' title="bbox 44 1806 1427 1870; baseline -0.001 -17"><span class='ocrx_word' id='word_1_201' title='bbox 44 1807 233 1853; x_wconf 83' lang='lat' dir='ltr'>facerent</span> <span class='ocrx_word' id='word_1_202' title='bbox 259 1806 573 1869; x_wconf 85' lang='lat' dir='ltr'>condiscipulis</span> <span class='ocrx_word' id='word_1_203' title='bbox 600 1817 728 1869; x_wconf 85' lang='lat' dir='ltr'>atque</span> <span class='ocrx_word' id='word_1_204' title='bbox 758 1807 974 1851; x_wconf 84' lang='lat' dir='ltr'>conservis</span> <span class='ocrx_word' id='word_1_205' title='bbox 993 1843 1003 1853; x_wconf 80' lang='lat'><strong>.</strong></span> <span class='ocrx_word' id='word_1_206' title='bbox 1033 1808 1152 1870; x_wconf 90' lang='lat' dir='ltr'>quod</span> <span class='ocrx_word' id='word_1_207' title='bbox 1178 1811 1236 1853; x_wconf 87' lang='lat' dir='ltr'>eis</span> <span class='ocrx_word' id='word_1_208' title='bbox 1261 1808 1427 1853; x_wconf 86' lang='lat' dir='ltr'>fecisset</span> 
     </span>
     <span class='ocr_line' id='line_1_24' title="bbox 46 1877 1426 1938; baseline 0 -16"><span class='ocrx_word' id='word_1_209' title='bbox 46 1878 249 1937; x_wconf 80' lang='lat' dir='ltr'>Magister</span> <span class='ocrx_word' id='word_1_210' title='bbox 266 1887 309 1921; x_wconf 92' lang='lat' dir='ltr'>et</span> <span class='ocrx_word' id='word_1_211' title='bbox 331 1877 543 1921; x_wconf 87' lang='lat' dir='ltr'>Dominus</span> <span class='ocrx_word' id='word_1_212' title='bbox 562 1913 574 1932; x_wconf 74' lang='grc'><em>,</em></span> <span class='ocrx_word' id='word_1_213' title='bbox 608 1886 823 1938; x_wconf 81' lang='lat' dir='ltr'>quantum</span> <span class='ocrx_word' id='word_1_214' title='bbox 847 1877 1171 1921; x_wconf 77' lang='lat' dir='ltr'>commendavit</span> <span class='ocrx_word' id='word_1_215' title='bbox 1192 1877 1426 1922; x_wconf 77' lang='lat' dir='ltr'>humilita-</span> 
     </span>
     <span class='ocr_line' id='line_1_25' title="bbox 43 1946 1423 2009; baseline -0.001 -17"><span class='ocrx_word' id='word_1_216' title='bbox 43 1957 127 1992; x_wconf 89' lang='lat' dir='ltr'>tem</span> <span class='ocrx_word' id='word_1_217' title='bbox 143 1950 162 1993; x_wconf 71' lang='grc' dir='ltr'>Ξ)</span> <span class='ocrx_word' id='word_1_218' title='bbox 181 1947 265 1992; x_wconf 85' lang='lat' dir='ltr'>Cui</span> <span class='ocrx_word' id='word_1_219' title='bbox 286 1946 646 1992; x_wconf 64' lang='lat' dir='ltr'>commendandae</span> <span class='ocrx_word' id='word_1_220' title='bbox 661 1946 793 1991; x_wconf 85' lang='lat' dir='ltr'>etiam</span> <span class='ocrx_word' id='word_1_221' title='bbox 821 1957 993 2007; x_wconf 88' lang='lat' dir='ltr'>tempus</span> <span class='ocrx_word' id='word_1_222' title='bbox 1017 1946 1129 1991; x_wconf 88' lang='lat' dir='ltr'>illud</span> <span class='ocrx_word' id='word_1_223' title='bbox 1151 1947 1277 2005; x_wconf 83' lang='lat' dir='ltr'>elegit</span> <span class='ocrx_word' id='word_1_224' title='bbox 1295 1984 1305 2002; x_wconf 86' lang='lat'>‚</span> <span class='ocrx_word' id='word_1_225' title='bbox 1334 1963 1423 2009; x_wconf 91' lang='lat' dir='ltr'>quo</span> 
     </span>
     <span class='ocr_line' id='line_1_26' title="bbox 43 2016 1424 2079; baseline -0.001 -16"><span class='ocrx_word' id='word_1_226' title='bbox 43 2034 144 2063; x_wconf 89' lang='lat' dir='ltr'>eum</span> <span class='ocrx_word' id='word_1_227' title='bbox 166 2017 361 2079; x_wconf 83' lang='lat' dir='ltr'>proxime</span> <span class='ocrx_word' id='word_1_228' title='bbox 393 2016 656 2061; x_wconf 88' lang='lat' dir='ltr'>moriturum</span> <span class='ocrx_word' id='word_1_229' title='bbox 692 2032 792 2061; x_wconf 87' lang='lat' dir='ltr'>cum</span> <span class='ocrx_word' id='word_1_230' title='bbox 822 2033 980 2075; x_wconf 85' lang='lat' dir='ltr'>magno</span> <span class='ocrx_word' id='word_1_231' title='bbox 1002 2016 1214 2062; x_wconf 86' lang='lat' dir='ltr'>desiderio</span> <span class='ocrx_word' id='word_1_232' title='bbox 1240 2028 1424 2062; x_wconf 90' lang='lat' dir='ltr'>contue-</span> 
     </span>
     <span class='ocr_line' id='line_1_27' title="bbox 46 2086 1427 2150; baseline 0 -18"><span class='ocrx_word' id='word_1_233' title='bbox 46 2087 236 2142; x_wconf 80' lang='lat' dir='ltr'>bantur,</span> <span class='ocrx_word' id='word_1_234' title='bbox 268 2086 353 2131; x_wconf 89' lang='lat' dir='ltr'>hoc</span> <span class='ocrx_word' id='word_1_235' title='bbox 383 2086 534 2148; x_wconf 88' lang='lat' dir='ltr'>utique</span> <span class='ocrx_word' id='word_1_236' title='bbox 561 2087 786 2149; x_wconf 79' lang='lat' dir='ltr'>praecipue</span> <span class='ocrx_word' id='word_1_237' title='bbox 815 2086 1023 2131; x_wconf 83' lang='lat' dir='ltr'>memoria</span> <span class='ocrx_word' id='word_1_238' title='bbox 1047 2088 1277 2136; x_wconf 87' lang='lat' dir='ltr'>retenturi.</span> <span class='ocrx_word' id='word_1_239' title='bbox 1308 2088 1427 2150; x_wconf 88' lang='lat' dir='ltr'>quod</span> 
     </span>
     <span class='ocr_line' id='line_1_28' title="bbox 47 2156 1428 2215; baseline 0.003 -15"><span class='ocrx_word' id='word_1_240' title='bbox 47 2157 251 2215; x_wconf 86' lang='lat' dir='ltr'>Magister</span> <span class='ocrx_word' id='word_1_241' title='bbox 283 2156 521 2200; x_wconf 84' lang='lat' dir='ltr'>imitandus</span> <span class='ocrx_word' id='word_1_242' title='bbox 551 2156 757 2201; x_wconf 87' lang='lat' dir='ltr'>ultimum</span> <span class='ocrx_word' id='word_1_243' title='bbox 781 2157 1126 2204; x_wconf 79' lang='lat' dir='ltr'>demonstrasset.</span> <span class='ocrx_word' id='word_1_244' title='bbox 1172 2161 1223 2203; x_wconf 76' lang='lat' dir='ltr'>At</span> <span class='ocrx_word' id='word_1_245' title='bbox 1245 2158 1318 2203; x_wconf 92' lang='lat' dir='ltr'>ille</span> <span class='ocrx_word' id='word_1_246' title='bbox 1341 2159 1428 2204; x_wconf 90' lang='lat' dir='ltr'>hoc</span> 
     </span>
     <span class='ocr_line' id='line_1_29' title="bbox 45 2225 1428 2290; baseline 0.002 -19"><span class='ocrx_word' id='word_1_247' title='bbox 45 2226 148 2272; x_wconf 91' lang='lat' dir='ltr'>fecit</span> <span class='ocrx_word' id='word_1_248' title='bbox 166 2225 243 2271; x_wconf 87' lang='lat' dir='ltr'>illo</span> <span class='ocrx_word' id='word_1_249' title='bbox 275 2236 468 2288; x_wconf 89' lang='lat' dir='ltr'>tempore</span> <span class='ocrx_word' id='word_1_250' title='bbox 489 2263 500 2272; x_wconf 87' lang='lat'>.</span> <span class='ocrx_word' id='word_1_251' title='bbox 528 2227 648 2289; x_wconf 89' lang='lat' dir='ltr'>quod</span> <span class='ocrx_word' id='word_1_252' title='bbox 671 2228 821 2290; x_wconf 84' lang='lat' dir='ltr'>utique</span> <span class='ocrx_word' id='word_1_253' title='bbox 857 2228 1005 2290; x_wconf 88' lang='lat' dir='ltr'>potuit</span> <span class='ocrx_word' id='word_1_254' title='bbox 1027 2239 1068 2273; x_wconf 83' lang='lat' dir='ltr'>et</span> <span class='ocrx_word' id='word_1_255' title='bbox 1092 2228 1182 2273; x_wconf 88' lang='lat' dir='ltr'>aliis</span> <span class='ocrx_word' id='word_1_256' title='bbox 1207 2239 1305 2274; x_wconf 84' lang='lat' dir='ltr'>ante</span> <span class='ocrx_word' id='word_1_257' title='bbox 1330 2229 1428 2274; x_wconf 84' lang='lat' dir='ltr'>die-</span> 
     </span>
     <span class='ocr_line' id='line_1_30' title="bbox 44 2295 1422 2361; baseline 0.003 -21"><span class='ocrx_word' id='word_1_258' title='bbox 44 2296 147 2351; x_wconf 87' lang='lat' dir='ltr'>bus,</span> <span class='ocrx_word' id='word_1_259' title='bbox 167 2295 329 2358; x_wconf 88' lang='lat' dir='ltr'>quibus</span> <span class='ocrx_word' id='word_1_260' title='bbox 352 2312 454 2340; x_wconf 87' lang='lat' dir='ltr'>cum</span> <span class='ocrx_word' id='word_1_261' title='bbox 472 2296 530 2341; x_wconf 90' lang='lat' dir='ltr'>eis</span> <span class='ocrx_word' id='word_1_262' title='bbox 547 2296 692 2342; x_wconf 82' lang='lat' dir='ltr'>fuerat</span> <span class='ocrx_word' id='word_1_263' title='bbox 708 2309 984 2343; x_wconf 86' lang='lat' dir='ltr'>conversatus</span> <span class='ocrx_word' id='word_1_264' title='bbox 1008 2315 1018 2342; x_wconf 74' lang='grc' dir='ltr'>ε</span> <span class='ocrx_word' id='word_1_265' title='bbox 1041 2299 1217 2361; x_wconf 79' lang='lat' dir='ltr'>quando</span> <span class='ocrx_word' id='word_1_266' title='bbox 1234 2300 1268 2344; x_wconf 89' lang='lat' dir='ltr'>si</span> <span class='ocrx_word' id='word_1_267' title='bbox 1286 2301 1422 2349; x_wconf 81' lang='lat' dir='ltr'>fieret.</span> 
     </span>
     <span class='ocr_line' id='line_1_31' title="bbox 44 2365 1429 2431; baseline 0.002 -21"><span class='ocrx_word' id='word_1_268' title='bbox 44 2367 134 2411; x_wconf 86' lang='lat' dir='ltr'>hoc</span> <span class='ocrx_word' id='word_1_269' title='bbox 164 2366 311 2428; x_wconf 87' lang='lat' dir='ltr'>ipsum</span> <span class='ocrx_word' id='word_1_270' title='bbox 342 2365 518 2428; x_wconf 83' lang='lat' dir='ltr'>quidem</span> <span class='ocrx_word' id='word_1_271' title='bbox 546 2367 813 2423; x_wconf 85' lang='lat' dir='ltr'>traderetur,</span> <span class='ocrx_word' id='word_1_272' title='bbox 838 2368 911 2412; x_wconf 86' lang='lat' dir='ltr'>sed</span> <span class='ocrx_word' id='word_1_273' title='bbox 935 2369 1087 2431; x_wconf 86' lang='lat' dir='ltr'>utique</span> <span class='ocrx_word' id='word_1_274' title='bbox 1110 2386 1197 2413; x_wconf 87' lang='lat' dir='ltr'>non</span> <span class='ocrx_word' id='word_1_275' title='bbox 1227 2369 1288 2413; x_wconf 86' lang='lat' dir='ltr'>sic</span> <span class='ocrx_word' id='word_1_276' title='bbox 1309 2369 1429 2413; x_wconf 79' lang='lat' dir='ltr'>acci—</span> 
     </span>
     <span class='ocr_line' id='line_1_32' title="bbox 47 2445 237 2498; baseline 0.005 -19"><span class='ocrx_word' id='word_1_277' title='bbox 47 2445 237 2498; x_wconf 88' lang='lat' dir='ltr'>peretur.</span> 
     </span>
    </p>
   </div>
   <div class='ocr_carea' id='block_1_3' title="bbox 48 2519 1423 2607">
    <p class='ocr_par' dir='ltr' id='par_1_3' title="bbox 48 2519 1423 2607">
     <span class='ocr_line' id='line_1_33' title="bbox 95 2519 1423 2565; baseline 0.002 -16"><span class='ocrx_word' id='word_1_278' title='bbox 95 2519 107 2541; x_wconf 71' lang='lat'><em>1</em></span> <span class='ocrx_word' id='word_1_279' title='bbox 124 2519 237 2550; x_wconf 73' lang='lat' dir='ltr'>Jacob.</span> <span class='ocrx_word' id='word_1_280' title='bbox 256 2528 284 2556; x_wconf 79' lang='lat'>1,</span> <span class='ocrx_word' id='word_1_281' title='bbox 301 2524 354 2559; x_wconf 56' lang='grc' dir='ltr'>τ’).</span> <span class='ocrx_word' id='word_1_282' title='bbox 371 2538 416 2544; x_wconf 88' lang='grc'>--</span> <span class='ocrx_word' id='word_1_283' title='bbox 430 2520 575 2553; x_wconf 67' lang='lat' dir='ltr'>²M2ssh.</span> <span class='ocrx_word' id='word_1_284' title='bbox 592 2533 689 2559; x_wconf 67' lang='lat' dir='ltr'>xvim,</span> <span class='ocrx_word' id='word_1_285' title='bbox 713 2525 739 2553; x_wconf 77' lang='lat'>3.</span> <span class='ocrx_word' id='word_1_286' title='bbox 756 2541 797 2546; x_wconf 92' lang='lat'>—</span> <span class='ocrx_word' id='word_1_287' title='bbox 819 2520 897 2553; x_wconf 78' lang='lat'><em>31‹¹.</em></span> <span class='ocrx_word' id='word_1_288' title='bbox 920 2534 971 2554; x_wconf 70' lang='lat' dir='ltr'>xx.</span> <span class='ocrx_word' id='word_1_289' title='bbox 992 2534 1098 2552; x_wconf 76' lang='lat'><em>·21.—</em></span> <span class='ocrx_word' id='word_1_290' title='bbox 1121 2520 1134 2543; x_wconf 76' lang='lat'><strong>⁴</strong></span> <span class='ocrx_word' id='word_1_291' title='bbox 1151 2522 1264 2565; x_wconf 62' lang='lat' dir='ltr'>Philip.</span> <span class='ocrx_word' id='word_1_292' title='bbox 1286 2533 1328 2558; x_wconf 82' lang='lat' dir='ltr'>rr,</span> <span class='ocrx_word' id='word_1_293' title='bbox 1347 2522 1423 2552; x_wconf 52' lang='lat' dir='ltr'>&amp;a</span> 
     </span>
     <span class='ocr_line' id='line_1_34' title="bbox 48 2570 341 2607; baseline -0.003 -4"><span class='ocrx_word' id='word_1_294' title='bbox 48 2570 61 2593; x_wconf 82' lang='lat'>5</span> <span class='ocrx_word' id='word_1_295' title='bbox 81 2574 173 2603; x_wconf 78' lang='lat' dir='ltr'>Joan.</span> <span class='ocrx_word' id='word_1_296' title='bbox 190 2583 264 2602; x_wconf 76' lang='lat' dir='ltr'>xxii.</span> <span class='ocrx_word' id='word_1_297' title='bbox 291 2580 341 2607; x_wconf 64' lang='lat'>14.</span> 
     </span>
    </p>
   </div>
   <div class='ocr_carea' id='block_1_4' title="bbox 0 1026 4 1190">
    <p class='ocr_par' dir='ltr' id='par_1_4' title="bbox 0 1026 4 1190">
     <span class='ocr_line' id='line_1_35' title="bbox 0 1026 4 1190; baseline 0 2056"><span class='ocrx_word' id='word_1_298' title='bbox 0 1026 4 1190; x_wconf 95' lang='lat' dir='ltr'> </span> 
     </span>
    </p>
   </div>
  </div>
 </body>
</html>
