1758 3246
309 256 404 310 234
734 268 768 298 5.
811 265 1057 298 Ausus-rim
1093 262 1297 296 nrrscori

305 334 420 378 berc.
452 331 564 376 Viris
597 324 747 389 autem·
762 329 860 375 ideo
880 330 1021 377 voluit
1037 367 1048 386 ,
1078 329 1181 392 quia
1199 329 1276 373 etsi
1302 328 1576 393 concupiscit
1597 332 1692 394 spi-

305 402 413 446 ritus
430 400 631 446 adversus
653 403 849 455 carnem,
874 400 1008 444 etiam·
1028 400 1075 444 in
1101 400 1187 443 hoc
1214 399 1309 461 ipso
1330 399 1518 444 consulit
1541 401 1690 446 carni:

305 488 394 516 non
422 471 533 517 sicut
554 488 655 516 caro
684 470 998 532 concupiscens
1026 469 1230 514 adversus
1259 468 1480 531 spiritum,
1502 486 1580 514 nec
1599 470 1694 532 spi-
1753 483 1755 506 ὲ

305 541 411 585 ritui
442 541 629 586 consulit
658 539 733 585 tili
759 539 1097 619 lepugnatione‚
1128 555 1207 583 ncc
1239 538 1335 584 sibi
1370 539 1469 583 Non
1493 549 1635 584 tamen
1658 539 1696 585 ci
1753 560 1756 575 τ

306 611 483 673 spiritus
507 612 673 666 bonus,
711 611 799 656 sive
823 613 913 668 ejus
938 627 977 654 n
970 619 1140 654 ituram
1160 625 1238 670 per
1263 608 1585 670 providentiam
1609 625 1698 654 nu-

309 680 478 725 triendo
520 699 569 726 ac
606 679 826 734 fovendo,
869 679 956 724 sive
987 681 1077 736 ejus
1119 677 1233 722 xitiis
1270 693 1349 739 pei
1388 678 1699 723 continentiam
1754 693 1756 734 ξ

306 750 542 795 resistendo
573 750 844 805 consulc1et,
882 748 964 793 nisi
996 758 1081 792 uti
1071 762 1180 809 aque
1212 746 1454 791 substantia
1476 747 1700 810 utriusque
1754 737 1756 789 ζ

306 820 519 864 artificem
552 821 693 864 Deum
712 855 723 875 ‚
757 818 885 863 etiam
912 817 1068 862 decore
1100 816 1166 860 sui
1189 815 1324 876 hujus
1344 815 1508 860 ordinis
1526 816 1701 862 indica-
1753 844 1756 876 1

307 897 386 934 ret.
419 888 539 944 Quid
561 899 623 934 est
638 905 738 948 ergo
763 886 883 950 quod
908 903 986 934 vos
1004 903 1106 933 vera
1130 884 1347 930 dementia
1365 895 1407 930 et
1430 885 1702 931 Christianos
1754 892 1758 914 ¹·

312 975 398 1004 esse
412 960 586 1018 jactatis
603 997 614 1016 ‚
645 970 688 1004 et
710 973 865 1004 contra
888 957 1136 1020 Scripturas
1155 955 1409 1001 christianas
1430 954 1564 1000 oculis
1585 955 1703 1001 clau·
1754 979 1758 1003 ;

314 1028 385 1083 sis,
415 1029 482 1074 vel
505 1030 653 1092 potius
677 1028 896 1083 extinctis,
920 1038 1041 1073 tanta
1065 1026 1345 1090 perversitate
1365 1024 1641 1081 contenditis,
1663 1035 1704 1070 et

314 1098 542 1144 Christum
563 1110 790 1144 asserentes
810 1099 855 1143 in
875 1097 982 1142 falsa
1004 1114 1134 1142 carne
1154 1095 1405 1160 apparuisse
1425 1094 1701 1150 mortalibus,

311 1178 354 1213 et
376 1169 616 1214 Ecclesiam
643 1170 690 1214 iii
716 1168 860 1213 anima
880 1167 940 1212 'ad
974 1168 1225 1222 Christum,
1248 1167 1293 1211 in
1323 1181 1506 1226 corpore
1524 1164 1579 1209 ad
1605 1164 1704 1209 dia—

317 1237 471 1297 bolum
499 1239 731 1300 perfflnere,
752 1248 794 1282 et
814 1254 959 1281 sexum
979 1236 1146 1281 virilem
1171 1246 1300 1299 atque
1326 1234 1584 1279 muliebrem
1607 1233 1705 1278 dia-

317 1306 410 1350 boli
445 1324 574 1369 opera
602 1323 688 1351 esse
707 1343 717 1362 ‚
751 1323 839 1351 non
871 1306 981 1361 Dei,
1016 1317 1058 1350 ct
1086 1305 1258 1367 spiritui
1290 1320 1463 1348 carnem
1497 1312 1705 1365 tanquam

318 1375 478 1420 malam
502 1376 789 1421 substantiam
814 1375 946 1419 bonae
970 1375 1226 1419 substantiae
1250 1373 1483 1419 cohaerele.

383 1447 543 1492 XXIV
578 1446 623 1490 Si
649 1462 808 1508 parum
849 1445 974 1488 vobis
1007 1444 1213 1489 videntur
1243 1442 1505 1506 respondere
1524 1458 1624 1504 quae
1650 1440 1704 1486 de

321 1515 566 1577 apostolicis
585 1514 1024 1560 commemoravimus
1043 1516 1077 1558 L
1081 1514 1235 1570 itteris,
1258 1513 1401 1559 audite
1421 1512 1569 1558 adhuc
1593 1511 1676 1556 alia
1691 1548 1702 1566 ‚

321 1585 355 1629 si
375 1601 497 1629 ames
516 1584 704 1629 habetis
734 1583 855 1639 Quid
879 1583 932 1628 de
950 1600 1076 1628 carne
1103 1583 1270 1628 Christi
1291 1583 1400 1627 dicit
1414 1581 1707 1626 insanissimus

324 1653 624 1698 Manichaeus?
646 1652 778 1708 Quod
792 1669 879 1696 non
896 1652 1027 1697 fuerit
1042 1669 1158 1709 vera,
1178 1652 1253 1697 sed
1269 1652 1386 1697 falsa.
1408 1650 1529 1707 Quid
1543 1649 1603 1695 ad
1618 1649 1704 1695 hoc

324 1722 431 1767 dicit
453 1723 607 1767 beatus
634 1721 901 1785 Apostolus?
924 1743 944 1762 α
967 1723 1135 1766 Memor
1160 1732 1248 1766 esto
1276 1721 1515 1766 'Christum
1555 1720 1701 1764 Jesum

321 1813 342 1834 υ
362 1793 587 1838 surrexisse
607 1811 629 1838 a
657 1792 842 1837 mortuis
860 1809 907 1837 ex
926 1792 1086 1836 semine
1113 1791 1255 1836 David
1268 1828 1278 1845 ,
1298 1790 1539 1836 secundum
1561 1792 1703 1834 Evan-

326 1883 347 1903 »
369 1861 530 1922 gelium
558 1879 705 1907 meum
737 1861 770 1908 1.
812 1882 832 1903 »
856 1863 912 1906 Et
937 1862 1029 1924 ipse
1055 1861 1256 1906 Christus
1279 1862 1425 1905 Jesus·:
1448 1881 1469 1901 «
1493 1858 1700 1921 palpate,

332 1953 353 1974 >2
374 1931 544 1992 inquit,
573 1942 615 1976 et
651 1931 792 1977 videte
827 1931 928 1994 quia
949 1931 1124 1994 spiritus
1148 1948 1319 1977 carnem
1343 1941 1384 1976 et
1399 1947 1491 1975 ossa
1514 1940 1602 1974 non
1624 1928 1704 1974 ha-

326 2022 347 2043 »
366 2001 440 2045 bet
455 2037 465 2056 ,
488 2000 601 2045 sicut
618 2018 687 2045 me
708 2001 863 2047 videtis
879 2001 1042 2046 habere
1061 2002 1095 2048 2.
1122 2022 1141 2042 ι)
1161 2000 1397 2058 Quomodo
1424 2000 1542 2045 estin
1554 2015 1704 2044 eorum

329 2070 529 2115 doctrina
542 2070 718 2125 veritas,
737 2088 837 2133 quae
857 2071 1074 2132 praedicat
1091 2071 1211 2133 quod
1229 2071 1274 2116 in
1293 2087 1420 2115 carne
1439 2068 1606 2114 Christi
1618 2078 1709 2113 erat
1752 2079 1755 2123 ξ

327 2138 520 2185 falsitas?
545 2139 780 2194 Quomodo
799 2139 846 2184 in
870 2139 1048 2184 Christo
1066 2157 1154 2185 non
1178 2150 1268 2185 erat
1285 2138 1419 2184 ullum
1443 2137 1609 2183 malum
1626 2173 1638 2193 ‚
1662 2137 1709 2182 in

331 2226 419 2273 quo
444 2220 534 2254 erat
552 2219 639 2254 tam
664 2209 826 2269 grande
864 2210 1170 2256 mendacium?
1203 2211 1320 2267 Quia
1337 2209 1540 2257 videlicet
1559 2208 1710 2253 bomi—
1751 2211 1755 2260 32

327 2279 459 2342 nibus
477 2279 663 2324 nimium
689 2279 864 2325 mundis
893 2279 1057 2325 malum
1099 2291 1161 2326 est
1194 2297 1296 2326 caro
1316 2297 1441 2336 vera,
1469 2289 1510 2324 et
1526 2295 1621 2326 -non
1650 2287 1714 2323 est
1752 2287 1754 2342 ξ

327 2348 618 2394 malumfalsa
642 2367 723 2412 pro
744 2367 866 2395 vera:
895 2350 1061 2395 malum
1085 2361 1146 2395 cst
1174 2368 1275 2396 caro
1301 2368 1401 2397 vera
1427 2348 1641 2394 nascentis
1664 2364 1711 2392 ex
1750 2346 1754 2394 l

328 2417 472 2463 David
488 2417 677 2475 semine,
702 2428 742 2463 et
764 2435 854 2464 non
880 2429 941 2464 est
970 2419 1134 2465 malum
1173 2419 1321 2479 lingua
1357 2418 1462 2463 falsa
1487 2415 1707 2465 dicentis.

328 2507 349 2528 a
375 2486 578 2550 Palpate‚
600 2497 642 2534 et
659 2487 802 2535 videte
826 2488 931 2552 quia
948 2489 1124 2552 spiritus
1149 2505 1240 2535 ossa
1262 2499 1304 2536 et
1326 2502 1509 2535 carnem
1521 2500 1612 2533 non
1631 2483 1709 2548 ha·
1750 2485 1753 2539 ’ξ

379 2567 528 2602 laTim.
550 2579 589 2609 11,
602 2570 639 2604 8.
660 2568 830 2605 --ἳιιιοΙ
857 2581 946 2615 xxw,
970 2572 1025 2613 39.

1750 2400 1754 2445 ,ἰ
