<?xml version="1.0" encoding="UTF-8"?>
<!DOCTYPE html PUBLIC "-//W3C//DTD XHTML 1.0 Transitional//EN"
    "http://www.w3.org/TR/xhtml1/DTD/xhtml1-transitional.dtd">
<html xmlns="http://www.w3.org/1999/xhtml" xml:lang="en" lang="en">
 <head>
  <title>
</title>
<meta http-equiv="Content-Type" content="text/html;charset=utf-8" />
  <meta name='ocr-system' content='tesseract 3.04.00' />
  <meta name='ocr-capabilities' content='ocr_page ocr_carea ocr_par ocr_line ocrx_word'/>
</head>
<body>
  <div class='ocr_page' id='page_1' title='image "./operaomniaaccura26auguuoft/operaomniaaccura26auguuoft_0495.png"; bbox 0 0 1758 3246; ppageno 0'>
   <div class='ocr_carea' id='block_1_1' title="bbox 137 324 1402 386">
    <p class='ocr_par' dir='ltr' id='par_1_1' title="bbox 137 324 1402 386">
     <span class='ocr_line' id='line_1_1' title="bbox 137 324 1402 386; baseline 0.007 -24"><span class='ocrx_word' id='word_1_1' title='bbox 137 335 304 364; x_wconf 59' lang='lat' dir='ltr'>commi</span> <span class='ocrx_word' id='word_1_2' title='bbox 341 334 603 367; x_wconf 73' lang='grc' dir='ltr'>ΜιῑΝῡΑοιωι</span> <span class='ocrx_word' id='word_1_3' title='bbox 642 335 697 367; x_wconf 76' lang='lat' dir='ltr'>At)</span> <span class='ocrx_word' id='word_1_4' title='bbox 731 337 1034 377; x_wconf 68' lang='lat' dir='ltr'>consumtum,</span> <span class='ocrx_word' id='word_1_5' title='bbox 1076 341 1161 369; x_wconf 70' lang='lat' dir='ltr'><strong><em>[AB.</em></strong></span> <span class='ocrx_word' id='word_1_6' title='bbox 1204 341 1234 370; x_wconf 91' lang='lat'>1.</span> <span class='ocrx_word' id='word_1_7' title='bbox 1310 324 1402 386; x_wconf 67' lang='lat'>475</span> 
     </span>
    </p>
   </div>
   <div class='ocr_carea' id='block_1_2' title="bbox 0 401 1426 2669">
    <p class='ocr_par' dir='ltr' id='par_1_2' title="bbox 0 401 1420 1430">
     <span class='ocr_line' id='line_1_2' title="bbox 0 401 1408 464; baseline 0.004 -19"><span class='ocrx_word' id='word_1_8' title='bbox 0 445 1 451; x_wconf 65' lang='grc'>,</span> <span class='ocrx_word' id='word_1_9' title='bbox 48 401 173 446; x_wconf 77' lang='lat' dir='ltr'>hunt.</span> <span class='ocrx_word' id='word_1_10' title='bbox 210 401 334 446; x_wconf 86' lang='lat' dir='ltr'>lllum</span> <span class='ocrx_word' id='word_1_11' title='bbox 358 419 459 446; x_wconf 83' lang='lat' dir='ltr'>vero</span> <span class='ocrx_word' id='word_1_12' title='bbox 489 403 603 448; x_wconf 72' lang='lat' dir='ltr'>Johu</span> <span class='ocrx_word' id='word_1_13' title='bbox 628 403 850 448; x_wconf 85' lang='lat' dir='ltr'>mendacio</span> <span class='ocrx_word' id='word_1_14' title='bbox 878 403 1013 464; x_wconf 86' lang='lat' dir='ltr'>impio</span> <span class='ocrx_word' id='word_1_15' title='bbox 1038 415 1078 448; x_wconf 88' lang='lat' dir='ltr'>et</span> <span class='ocrx_word' id='word_1_16' title='bbox 1102 405 1311 450; x_wconf 79' lang='lat' dir='ltr'>sacrificio</span> <span class='ocrx_word' id='word_1_17' title='bbox 1335 422 1408 450; x_wconf 88' lang='lat' dir='ltr'>sa-</span> 
     </span>
     <span class='ocr_line' id='line_1_3' title="bbox 49 472 1410 533; baseline 0.001 -16"><span class='ocrx_word' id='word_1_18' title='bbox 49 472 204 529; x_wconf 78' lang='lat' dir='ltr'>crilego</span> <span class='ocrx_word' id='word_1_19' title='bbox 228 472 486 516; x_wconf 87' lang='lat' dir='ltr'>occidendos</span> <span class='ocrx_word' id='word_1_20' title='bbox 514 473 668 533; x_wconf 70' lang='lat' dir='ltr'>impios</span> <span class='ocrx_word' id='word_1_21' title='bbox 693 483 733 517; x_wconf 91' lang='lat' dir='ltr'>et</span> <span class='ocrx_word' id='word_1_22' title='bbox 758 472 981 530; x_wconf 76' lang='lat' dir='ltr'>sacrilegos</span> <span class='ocrx_word' id='word_1_23' title='bbox 1005 472 1293 533; x_wconf 72' lang='lat' dir='ltr'>inquirentem</span> <span class='ocrx_word' id='word_1_24' title='bbox 1321 490 1410 518; x_wconf 90' lang='lat' dir='ltr'>non</span> 
     </span>
     <span class='ocr_line' id='line_1_4' title="bbox 48 541 1411 604; baseline 0.002 -19"><span class='ocrx_word' id='word_1_25' title='bbox 48 542 334 595; x_wconf 69' lang='lat' dir='ltr'>imitarentur,</span> <span class='ocrx_word' id='word_1_26' title='bbox 363 558 441 587; x_wconf 89' lang='lat' dir='ltr'>nec</span> <span class='ocrx_word' id='word_1_27' title='bbox 464 542 496 586; x_wconf 90' lang='lat' dir='ltr'>si</span> <span class='ocrx_word' id='word_1_28' title='bbox 519 541 572 586; x_wconf 88' lang='lat' dir='ltr'>de</span> <span class='ocrx_word' id='word_1_29' title='bbox 590 542 664 587; x_wconf 86' lang='lat' dir='ltr'>illo</span> <span class='ocrx_word' id='word_1_30' title='bbox 688 542 825 604; x_wconf 86' lang='lat' dir='ltr'>qualis</span> <span class='ocrx_word' id='word_1_31' title='bbox 840 541 988 586; x_wconf 79' lang='lat' dir='ltr'>fuisset</span> <span class='ocrx_word' id='word_1_32' title='bbox 1010 542 1156 586; x_wconf 88' lang='lat' dir='ltr'>eadem</span> <span class='ocrx_word' id='word_1_33' title='bbox 1184 543 1411 604; x_wconf 83' lang='lat' dir='ltr'>Scriptura</span> 
     </span>
     <span class='ocr_line' id='line_1_5' title="bbox 49 612 1412 673; baseline 0.001 -19"><span class='ocrx_word' id='word_1_34' title='bbox 49 612 262 656; x_wconf 84' lang='lat' dir='ltr'>tacuisset.</span> <span class='ocrx_word' id='word_1_35' title='bbox 297 612 405 655; x_wconf 91' lang='lat' dir='ltr'>Cum</span> <span class='ocrx_word' id='word_1_36' title='bbox 441 628 542 656; x_wconf 81' lang='lat' dir='ltr'>vero</span> <span class='ocrx_word' id='word_1_37' title='bbox 566 613 773 673; x_wconf 76' lang='lat' dir='ltr'>scriptum</span> <span class='ocrx_word' id='word_1_38' title='bbox 808 612 878 661; x_wconf 77' lang='lat' dir='ltr'>sit,</span> <span class='ocrx_word' id='word_1_39' title='bbox 908 628 1005 656; x_wconf 86' lang='lat' dir='ltr'>eum</span> <span class='ocrx_word' id='word_1_40' title='bbox 1033 621 1198 655; x_wconf 88' lang='lat' dir='ltr'>rectum</span> <span class='ocrx_word' id='word_1_41' title='bbox 1222 628 1297 656; x_wconf 90' lang='lat' dir='ltr'>cor</span> <span class='ocrx_word' id='word_1_42' title='bbox 1327 629 1412 656; x_wconf 91' lang='lat' dir='ltr'>non</span> 
     </span>
     <span class='ocr_line' id='line_1_6' title="bbox 48 679 1416 742; baseline 0.001 -18"><span class='ocrx_word' id='word_1_43' title='bbox 48 680 250 725; x_wconf 83' lang='lat' dir='ltr'>habuisse</span> <span class='ocrx_word' id='word_1_44' title='bbox 271 696 369 724; x_wconf 91' lang='lat' dir='ltr'>cum</span> <span class='ocrx_word' id='word_1_45' title='bbox 398 680 516 724; x_wconf 75' lang='lat' dir='ltr'>Deo1</span> <span class='ocrx_word' id='word_1_46' title='bbox 538 698 548 724; x_wconf 74' lang='lat' dir='ltr'><em>z</em></span> <span class='ocrx_word' id='word_1_47' title='bbox 567 681 673 740; x_wconf 87' lang='lat' dir='ltr'>quid</span> <span class='ocrx_word' id='word_1_48' title='bbox 694 681 730 725; x_wconf 92' lang='lat' dir='ltr'>ei</span> <span class='ocrx_word' id='word_1_49' title='bbox 748 679 912 741; x_wconf 81' lang='lat' dir='ltr'>profuit</span> <span class='ocrx_word' id='word_1_50' title='bbox 932 697 942 724; x_wconf 91' lang='lat'>:</span> <span class='ocrx_word' id='word_1_51' title='bbox 961 679 1079 742; x_wconf 89' lang='lat' dir='ltr'>quod</span> <span class='ocrx_word' id='word_1_52' title='bbox 1099 696 1181 741; x_wconf 82' lang='lat' dir='ltr'>pro</span> <span class='ocrx_word' id='word_1_53' title='bbox 1208 679 1416 725; x_wconf 89' lang='lat' dir='ltr'>nonnulla</span> 
     </span>
     <span class='ocr_line' id='line_1_7' title="bbox 49 747 1418 810; baseline 0.001 -18"><span class='ocrx_word' id='word_1_54' title='bbox 49 748 312 801; x_wconf 85' lang='lat' dir='ltr'>obedientia,</span> <span class='ocrx_word' id='word_1_55' title='bbox 335 765 465 810; x_wconf 83' lang='lat' dir='ltr'>quam</span> <span class='ocrx_word' id='word_1_56' title='bbox 492 749 545 793; x_wconf 92' lang='lat' dir='ltr'>dc</span> <span class='ocrx_word' id='word_1_57' title='bbox 567 749 697 793; x_wconf 90' lang='lat' dir='ltr'>domo</span> <span class='ocrx_word' id='word_1_58' title='bbox 729 749 884 794; x_wconf 82' lang='lat' dir='ltr'>Achab</span> <span class='ocrx_word' id='word_1_59' title='bbox 909 749 1084 793; x_wconf 90' lang='lat' dir='ltr'>omnino</span> <span class='ocrx_word' id='word_1_60' title='bbox 1108 747 1307 800; x_wconf 78' lang='lat' dir='ltr'>delenda,</span> <span class='ocrx_word' id='word_1_61' title='bbox 1335 764 1418 810; x_wconf 90' lang='lat' dir='ltr'>pro</span> 
     </span>
     <span class='ocr_line' id='line_1_8' title="bbox 49 817 1416 879; baseline 0 -17"><span class='ocrx_word' id='word_1_62' title='bbox 49 817 288 878; x_wconf 85' lang='lat' dir='ltr'>cupiditate</span> <span class='ocrx_word' id='word_1_63' title='bbox 304 834 391 862; x_wconf 80' lang='lat' dir='ltr'>suae</span> <span class='ocrx_word' id='word_1_64' title='bbox 410 818 715 863; x_wconf 85' lang='lat' dir='ltr'>dominationis</span> <span class='ocrx_word' id='word_1_65' title='bbox 735 818 949 864; x_wconf 85' lang='lat' dir='ltr'>exhibuit.</span> <span class='ocrx_word' id='word_1_66' title='bbox 970 817 1236 879; x_wconf 77' lang='lat' dir='ltr'>aliquantam</span> <span class='ocrx_word' id='word_1_67' title='bbox 1257 833 1416 862; x_wconf 87' lang='lat' dir='ltr'>merce-</span> 
     </span>
     <span class='ocr_line' id='line_1_9' title="bbox 49 886 1418 949; baseline 0.001 -19"><span class='ocrx_word' id='word_1_68' title='bbox 49 886 144 930; x_wconf 88' lang='lat' dir='ltr'>dem</span> <span class='ocrx_word' id='word_1_69' title='bbox 179 887 463 931; x_wconf 77' lang='lat' dir='ltr'>transitoriam</span> <span class='ocrx_word' id='word_1_70' title='bbox 499 887 617 946; x_wconf 81' lang='lat' dir='ltr'>regni</span> <span class='ocrx_word' id='word_1_71' title='bbox 650 887 899 949; x_wconf 88' lang='lat' dir='ltr'>temporalis</span> <span class='ocrx_word' id='word_1_72' title='bbox 924 887 1122 949; x_wconf 63' lang='lat' dir='ltr'>aceepit?</span> <span class='ocrx_word' id='word_1_73' title='bbox 1156 886 1223 932; x_wconf 87' lang='lat' dir='ltr'>Ad</span> <span class='ocrx_word' id='word_1_74' title='bbox 1246 897 1418 931; x_wconf 90' lang='lat' dir='ltr'>senten-</span> 
     </span>
     <span class='ocr_line' id='line_1_10' title="bbox 49 955 1414 1019; baseline 0.001 -20"><span class='ocrx_word' id='word_1_75' title='bbox 49 956 150 1000; x_wconf 88' lang='lat' dir='ltr'>tiam</span> <span class='ocrx_word' id='word_1_76' title='bbox 173 957 319 1017; x_wconf 83' lang='lat' dir='ltr'>potius</span> <span class='ocrx_word' id='word_1_77' title='bbox 338 957 569 1001; x_wconf 76' lang='lat' dir='ltr'>veridicam</span> <span class='ocrx_word' id='word_1_78' title='bbox 595 958 833 1019; x_wconf 73' lang='lat' dir='ltr'>Martyrum</span> <span class='ocrx_word' id='word_1_79' title='bbox 855 956 1165 1002; x_wconf 77' lang='lat' dir='ltr'>defendendam</span> <span class='ocrx_word' id='word_1_80' title='bbox 1187 967 1243 1009; x_wconf 84' lang='lat' dir='ltr'>te,</span> <span class='ocrx_word' id='word_1_81' title='bbox 1265 955 1414 1010; x_wconf 86' lang='lat' dir='ltr'>frater,</span> 
     </span>
     <span class='ocr_line' id='line_1_11' title="bbox 47 1024 1414 1079; baseline 0.001 -11"><span class='ocrx_word' id='word_1_82' title='bbox 47 1024 263 1077; x_wconf 71' lang='lat' dir='ltr'>exhortor,</span> <span class='ocrx_word' id='word_1_83' title='bbox 287 1035 335 1069; x_wconf 89' lang='lat' dir='ltr'>ut</span> <span class='ocrx_word' id='word_1_84' title='bbox 348 1025 402 1069; x_wconf 88' lang='lat' dir='ltr'>sis</span> <span class='ocrx_word' id='word_1_85' title='bbox 421 1025 622 1070; x_wconf 72' lang='lat' dir='ltr'>adversus</span> <span class='ocrx_word' id='word_1_86' title='bbox 640 1026 883 1079; x_wconf 85' lang='lat' dir='ltr'>mendaces,</span> <span class='ocrx_word' id='word_1_87' title='bbox 904 1042 991 1070; x_wconf 91' lang='lat' dir='ltr'>non</span> <span class='ocrx_word' id='word_1_88' title='bbox 1010 1025 1226 1070; x_wconf 82' lang='lat' dir='ltr'>mendacii</span> <span class='ocrx_word' id='word_1_89' title='bbox 1243 1024 1414 1078; x_wconf 86' lang='lat' dir='ltr'>doctor,</span> 
     </span>
     <span class='ocr_line' id='line_1_12' title="bbox 47 1093 1420 1153; baseline 0.001 -16"><span class='ocrx_word' id='word_1_90' title='bbox 47 1093 118 1137; x_wconf 83' lang='lat' dir='ltr'>sed</span> <span class='ocrx_word' id='word_1_91' title='bbox 145 1093 333 1138; x_wconf 75' lang='lat' dir='ltr'>veritatis</span> <span class='ocrx_word' id='word_1_92' title='bbox 359 1105 553 1139; x_wconf 76' lang='lat' dir='ltr'>assertor.</span> <span class='ocrx_word' id='word_1_93' title='bbox 587 1097 697 1140; x_wconf 83' lang='lat' dir='ltr'>Nam</span> <span class='ocrx_word' id='word_1_94' title='bbox 724 1095 985 1153; x_wconf 79' lang='lat' dir='ltr'>diligentius,</span> <span class='ocrx_word' id='word_1_95' title='bbox 1014 1095 1211 1143; x_wconf 79' lang='lat' dir='ltr'>obsecro,</span> <span class='ocrx_word' id='word_1_96' title='bbox 1248 1093 1420 1139; x_wconf 84' lang='lat' dir='ltr'>attende</span> 
     </span>
     <span class='ocr_line' id='line_1_13' title="bbox 47 1161 1417 1225; baseline 0.001 -19"><span class='ocrx_word' id='word_1_97' title='bbox 47 1161 166 1223; x_wconf 80' lang='lat' dir='ltr'>quod</span> <span class='ocrx_word' id='word_1_98' title='bbox 191 1162 307 1217; x_wconf 85' lang='lat' dir='ltr'>dico,</span> <span class='ocrx_word' id='word_1_99' title='bbox 343 1174 390 1207; x_wconf 90' lang='lat' dir='ltr'>ut</span> <span class='ocrx_word' id='word_1_100' title='bbox 422 1163 612 1208; x_wconf 85' lang='lat' dir='ltr'>invenias</span> <span class='ocrx_word' id='word_1_101' title='bbox 635 1180 765 1225; x_wconf 88' lang='lat' dir='ltr'>quam</span> <span class='ocrx_word' id='word_1_102' title='bbox 799 1165 852 1208; x_wconf 89' lang='lat' dir='ltr'>sit</span> <span class='ocrx_word' id='word_1_103' title='bbox 884 1162 1144 1214; x_wconf 76' lang='lat' dir='ltr'>cavendum,</span> <span class='ocrx_word' id='word_1_104' title='bbox 1178 1162 1296 1224; x_wconf 87' lang='lat' dir='ltr'>quod</span> <span class='ocrx_word' id='word_1_105' title='bbox 1328 1162 1417 1207; x_wconf 85' lang='lat' dir='ltr'>zelo</span> 
     </span>
     <span class='ocr_line' id='line_1_14' title="bbox 46 1230 1418 1294; baseline 0 -19"><span class='ocrx_word' id='word_1_106' title='bbox 46 1231 220 1294; x_wconf 84' lang='lat' dir='ltr'>quidem</span> <span class='ocrx_word' id='word_1_107' title='bbox 246 1230 459 1276; x_wconf 84' lang='lat' dir='ltr'>laudabili</span> <span class='ocrx_word' id='word_1_108' title='bbox 495 1232 695 1276; x_wconf 77' lang='lat' dir='ltr'>adversus</span> <span class='ocrx_word' id='word_1_109' title='bbox 728 1233 902 1293; x_wconf 77' lang='lat' dir='ltr'>impios,</span> <span class='ocrx_word' id='word_1_110' title='bbox 939 1242 987 1275; x_wconf 91' lang='lat' dir='ltr'>ut</span> <span class='ocrx_word' id='word_1_111' title='bbox 1013 1231 1179 1293; x_wconf 87' lang='lat' dir='ltr'>possint</span> <span class='ocrx_word' id='word_1_112' title='bbox 1213 1247 1418 1293; x_wconf 88' lang='lat' dir='ltr'>compre-</span> 
     </span>
     <span class='ocr_line' id='line_1_15' title="bbox 46 1298 1419 1357; baseline 0.001 -14"><span class='ocrx_word' id='word_1_113' title='bbox 46 1299 181 1344; x_wconf 88' lang='lat' dir='ltr'>hendi</span> <span class='ocrx_word' id='word_1_114' title='bbox 200 1309 242 1343; x_wconf 83' lang='lat' dir='ltr'>et</span> <span class='ocrx_word' id='word_1_115' title='bbox 258 1299 415 1357; x_wconf 86' lang='lat' dir='ltr'>corrigi</span> <span class='ocrx_word' id='word_1_116' title='bbox 431 1300 498 1343; x_wconf 81' lang='lat' dir='ltr'>vel</span> <span class='ocrx_word' id='word_1_117' title='bbox 522 1299 664 1353; x_wconf 83' lang='lat' dir='ltr'>vitari,</span> <span class='ocrx_word' id='word_1_118' title='bbox 682 1300 754 1344; x_wconf 89' lang='lat' dir='ltr'>sed</span> <span class='ocrx_word' id='word_1_119' title='bbox 777 1310 920 1344; x_wconf 85' lang='lat' dir='ltr'>tamen</span> <span class='ocrx_word' id='word_1_120' title='bbox 934 1299 1150 1344; x_wconf 84' lang='lat' dir='ltr'>incautius</span> <span class='ocrx_word' id='word_1_121' title='bbox 1171 1298 1419 1344; x_wconf 85' lang='lat' dir='ltr'>docendum</span> 
     </span>
     <span class='ocr_line' id='line_1_16' title="bbox 48 1379 242 1430; baseline 0.005 -17"><span class='ocrx_word' id='word_1_122' title='bbox 48 1379 242 1430; x_wconf 87' lang='lat' dir='ltr'>putatur.</span> 
     </span>
    </p>

    <p class='ocr_par' dir='ltr' id='par_1_3' title="bbox 47 1437 1426 2610">
     <span class='ocr_line' id='line_1_17' title="bbox 113 1437 1419 1499; baseline 0.002 -18"><span class='ocrx_word' id='word_1_123' title='bbox 113 1438 186 1482; x_wconf 85' lang='lat' dir='ltr'>IV.</span> <span class='ocrx_word' id='word_1_124' title='bbox 232 1437 556 1482; x_wconf 79' lang='lat' dir='ltr'>Mendaciorum</span> <span class='ocrx_word' id='word_1_125' title='bbox 590 1455 743 1496; x_wconf 84' lang='lat' dir='ltr'>genera</span> <span class='ocrx_word' id='word_1_126' title='bbox 777 1437 912 1483; x_wconf 83' lang='lat' dir='ltr'>multa</span> <span class='ocrx_word' id='word_1_127' title='bbox 948 1448 1072 1491; x_wconf 84' lang='lat' dir='ltr'>sunt,</span> <span class='ocrx_word' id='word_1_128' title='bbox 1108 1455 1205 1499; x_wconf 79' lang='lat' dir='ltr'>quae</span> <span class='ocrx_word' id='word_1_129' title='bbox 1241 1437 1419 1499; x_wconf 87' lang='lat' dir='ltr'>quidem</span> 
     </span>
     <span class='ocr_line' id='line_1_18' title="bbox 48 1507 1419 1552; baseline -0.001 0"><span class='ocrx_word' id='word_1_130' title='bbox 48 1507 191 1552; x_wconf 85' lang='lat' dir='ltr'>omnia</span> <span class='ocrx_word' id='word_1_131' title='bbox 225 1507 519 1552; x_wconf 83' lang='lat' dir='ltr'>universaliter</span> <span class='ocrx_word' id='word_1_132' title='bbox 552 1507 690 1552; x_wconf 86' lang='lat' dir='ltr'>odisse</span> <span class='ocrx_word' id='word_1_133' title='bbox 725 1508 946 1552; x_wconf 83' lang='lat' dir='ltr'>debemus.</span> <span class='ocrx_word' id='word_1_134' title='bbox 995 1508 1172 1552; x_wconf 68' lang='lat' dir='ltr'>Nullum</span> <span class='ocrx_word' id='word_1_135' title='bbox 1208 1517 1268 1552; x_wconf 86' lang='lat' dir='ltr'>est</span> <span class='ocrx_word' id='word_1_136' title='bbox 1305 1507 1419 1551; x_wconf 88' lang='lat' dir='ltr'>enim</span> 
     </span>
     <span class='ocr_line' id='line_1_19' title="bbox 48 1575 1420 1638; baseline -0.002 -16"><span class='ocrx_word' id='word_1_137' title='bbox 48 1576 339 1630; x_wconf 72' lang='lat' dir='ltr'>mendacium,</span> <span class='ocrx_word' id='word_1_138' title='bbox 362 1575 480 1638; x_wconf 90' lang='lat' dir='ltr'>quod</span> <span class='ocrx_word' id='word_1_139' title='bbox 499 1593 587 1621; x_wconf 91' lang='lat' dir='ltr'>non</span> <span class='ocrx_word' id='word_1_140' title='bbox 605 1576 659 1621; x_wconf 87' lang='lat' dir='ltr'>sit</span> <span class='ocrx_word' id='word_1_141' title='bbox 677 1577 944 1621; x_wconf 84' lang='lat' dir='ltr'>contrarium</span> <span class='ocrx_word' id='word_1_142' title='bbox 968 1575 1150 1621; x_wconf 87' lang='lat' dir='ltr'>veritati.</span> <span class='ocrx_word' id='word_1_143' title='bbox 1179 1576 1290 1621; x_wconf 87' lang='lat' dir='ltr'>Nam</span> <span class='ocrx_word' id='word_1_144' title='bbox 1309 1576 1420 1620; x_wconf 89' lang='lat' dir='ltr'>sicut</span> 
     </span>
     <span class='ocr_line' id='line_1_20' title="bbox 48 1645 1417 1708; baseline -0.001 -17"><span class='ocrx_word' id='word_1_145' title='bbox 48 1647 119 1692; x_wconf 86' lang='lat' dir='ltr'>lux</span> <span class='ocrx_word' id='word_1_146' title='bbox 141 1657 182 1691; x_wconf 87' lang='lat' dir='ltr'>et</span> <span class='ocrx_word' id='word_1_147' title='bbox 207 1646 421 1701; x_wconf 75' lang='lat' dir='ltr'>tenehrae‚</span> <span class='ocrx_word' id='word_1_148' title='bbox 455 1646 591 1708; x_wconf 85' lang='lat' dir='ltr'>pietas</span> <span class='ocrx_word' id='word_1_149' title='bbox 622 1656 663 1690; x_wconf 88' lang='lat' dir='ltr'>et</span> <span class='ocrx_word' id='word_1_150' title='bbox 693 1646 892 1708; x_wconf 82' lang='lat' dir='ltr'>impietas</span> <span class='ocrx_word' id='word_1_151' title='bbox 908 1682 918 1696; x_wconf 85' lang='grc'>,</span> <span class='ocrx_word' id='word_1_152' title='bbox 939 1645 1108 1703; x_wconf 83' lang='lat' dir='ltr'>justitia</span> <span class='ocrx_word' id='word_1_153' title='bbox 1131 1656 1173 1690; x_wconf 90' lang='lat' dir='ltr'>et</span> <span class='ocrx_word' id='word_1_154' title='bbox 1194 1645 1417 1706; x_wconf 84' lang='lat' dir='ltr'>iniquitas,</span> 
     </span>
     <span class='ocr_line' id='line_1_21' title="bbox 48 1714 1423 1779; baseline -0.002 -18"><span class='ocrx_word' id='word_1_155' title='bbox 48 1727 278 1779; x_wconf 86' lang='lat' dir='ltr'>peccatum</span> <span class='ocrx_word' id='word_1_156' title='bbox 303 1727 343 1760; x_wconf 86' lang='lat' dir='ltr'>et</span> <span class='ocrx_word' id='word_1_157' title='bbox 367 1726 479 1760; x_wconf 85' lang='lat' dir='ltr'>recte</span> <span class='ocrx_word' id='word_1_158' title='bbox 501 1715 684 1760; x_wconf 81' lang='lat' dir='ltr'>factum.</span> <span class='ocrx_word' id='word_1_159' title='bbox 706 1716 862 1759; x_wconf 80' lang='lat' dir='ltr'>sanitas</span> <span class='ocrx_word' id='word_1_160' title='bbox 882 1725 923 1759; x_wconf 90' lang='lat' dir='ltr'>et</span> <span class='ocrx_word' id='word_1_161' title='bbox 946 1714 1238 1768; x_wconf 78' lang='lat' dir='ltr'>imbecillitas,</span> <span class='ocrx_word' id='word_1_162' title='bbox 1270 1714 1357 1759; x_wconf 84' lang='lat' dir='ltr'>&#39;vita</span> <span class='ocrx_word' id='word_1_163' title='bbox 1380 1724 1423 1759; x_wconf 84' lang='lat' dir='ltr'>et</span> 
     </span>
     <span class='ocr_line' id='line_1_22' title="bbox 48 1783 1414 1847; baseline -0.002 -16"><span class='ocrx_word' id='word_1_164' title='bbox 48 1802 162 1831; x_wconf 88' lang='lat' dir='ltr'>mors</span> <span class='ocrx_word' id='word_1_165' title='bbox 178 1822 189 1837; x_wconf 84' lang='lat'>‚</span> <span class='ocrx_word' id='word_1_166' title='bbox 222 1786 279 1830; x_wconf 86' lang='lat' dir='ltr'>ita</span> <span class='ocrx_word' id='word_1_167' title='bbox 304 1785 416 1830; x_wconf 86' lang='lat' dir='ltr'>inter</span> <span class='ocrx_word' id='word_1_168' title='bbox 435 1802 476 1830; x_wconf 89' lang='lat' dir='ltr'>se</span> <span class='ocrx_word' id='word_1_169' title='bbox 495 1796 595 1830; x_wconf 85' lang='lat' dir='ltr'>sunt</span> <span class='ocrx_word' id='word_1_170' title='bbox 618 1785 772 1829; x_wconf 85' lang='lat' dir='ltr'>veritas</span> <span class='ocrx_word' id='word_1_171' title='bbox 795 1784 1157 1847; x_wconf 86' lang='lat' dir='ltr'>mendaciumque</span> <span class='ocrx_word' id='word_1_172' title='bbox 1184 1783 1414 1828; x_wconf 87' lang='lat' dir='ltr'>contraria.</span> 
     </span>
     <span class='ocr_line' id='line_1_23' title="bbox 49 1853 1415 1917; baseline -0.001 -17"><span class='ocrx_word' id='word_1_173' title='bbox 49 1854 174 1901; x_wconf 86' lang='lat' dir='ltr'>Unde</span> <span class='ocrx_word' id='word_1_174' title='bbox 196 1865 358 1917; x_wconf 88' lang='lat' dir='ltr'>quanto</span> <span class='ocrx_word' id='word_1_175' title='bbox 377 1872 569 1900; x_wconf 85' lang='lat' dir='ltr'>amamus</span> <span class='ocrx_word' id='word_1_176' title='bbox 589 1856 731 1909; x_wconf 82' lang='lat' dir='ltr'>istam,</span> <span class='ocrx_word' id='word_1_177' title='bbox 756 1865 877 1900; x_wconf 86' lang='lat' dir='ltr'>tanto</span> <span class='ocrx_word' id='word_1_178' title='bbox 896 1854 1005 1899; x_wconf 92' lang='lat' dir='ltr'>illud</span> <span class='ocrx_word' id='word_1_179' title='bbox 1029 1853 1166 1899; x_wconf 86' lang='lat' dir='ltr'>odisse</span> <span class='ocrx_word' id='word_1_180' title='bbox 1190 1853 1415 1899; x_wconf 84' lang='lat' dir='ltr'>debemus.</span> 
     </span>
     <span class='ocr_line' id='line_1_24' title="bbox 49 1920 1422 1987; baseline -0.002 -18"><span class='ocrx_word' id='word_1_181' title='bbox 49 1925 355 1970; x_wconf 86' lang='lat' dir='ltr'>Verumtamen</span> <span class='ocrx_word' id='word_1_182' title='bbox 379 1935 479 1969; x_wconf 84' lang='lat' dir='ltr'>sunt</span> <span class='ocrx_word' id='word_1_183' title='bbox 501 1924 705 1987; x_wconf 86' lang='lat' dir='ltr'>quaedam</span> <span class='ocrx_word' id='word_1_184' title='bbox 729 1923 969 1978; x_wconf 81' lang='lat' dir='ltr'>mendacia,</span> <span class='ocrx_word' id='word_1_185' title='bbox 997 1940 1097 1985; x_wconf 81' lang='lat' dir='ltr'>quae</span> <span class='ocrx_word' id='word_1_186' title='bbox 1116 1922 1289 1968; x_wconf 87' lang='lat' dir='ltr'>credere</span> <span class='ocrx_word' id='word_1_187' title='bbox 1308 1920 1422 1967; x_wconf 89' lang='lat' dir='ltr'>nihil</span> 
     </span>
     <span class='ocr_line' id='line_1_25' title="bbox 47 1992 1421 2057; baseline -0.003 -17"><span class='ocrx_word' id='word_1_188' title='bbox 47 1995 164 2040; x_wconf 90' lang='lat' dir='ltr'>obsit</span> <span class='ocrx_word' id='word_1_189' title='bbox 185 1995 411 2057; x_wconf 88' lang='lat' dir='ltr'>:quamvis</span> <span class='ocrx_word' id='word_1_190' title='bbox 441 1995 569 2039; x_wconf 87' lang='lat' dir='ltr'>etiam</span> <span class='ocrx_word' id='word_1_191' title='bbox 597 1995 674 2039; x_wconf 86' lang='lat' dir='ltr'>tali</span> <span class='ocrx_word' id='word_1_192' title='bbox 707 1993 943 2039; x_wconf 88' lang='lat' dir='ltr'>mentiendi</span> <span class='ocrx_word' id='word_1_193' title='bbox 974 2009 1124 2052; x_wconf 86' lang='lat' dir='ltr'>genere</span> <span class='ocrx_word' id='word_1_194' title='bbox 1154 1992 1302 2038; x_wconf 75' lang='lat' dir='ltr'>fallere</span> <span class='ocrx_word' id='word_1_195' title='bbox 1338 2008 1421 2037; x_wconf 87' lang='lat' dir='ltr'>vo-</span> 
     </span>
     <span class='ocr_line' id='line_1_26' title="bbox 48 2060 1421 2122; baseline -0.003 -13"><span class='ocrx_word' id='word_1_196' title='bbox 48 2064 191 2112; x_wconf 85' lang='lat' dir='ltr'>luisse.</span> <span class='ocrx_word' id='word_1_197' title='bbox 218 2065 440 2109; x_wconf 87' lang='lat' dir='ltr'>mentienti</span> <span class='ocrx_word' id='word_1_198' title='bbox 470 2065 524 2108; x_wconf 87' lang='lat' dir='ltr'>sit</span> <span class='ocrx_word' id='word_1_199' title='bbox 552 2065 744 2118; x_wconf 83' lang='lat' dir='ltr'>noxium,</span> <span class='ocrx_word' id='word_1_200' title='bbox 774 2080 861 2108; x_wconf 88' lang='lat' dir='ltr'>non</span> <span class='ocrx_word' id='word_1_201' title='bbox 886 2062 1093 2108; x_wconf 86' lang='lat' dir='ltr'>credenti.</span> <span class='ocrx_word' id='word_1_202' title='bbox 1133 2062 1360 2122; x_wconf 81' lang='lat' dir='ltr'>Tanquam</span> <span class='ocrx_word' id='word_1_203' title='bbox 1387 2060 1421 2106; x_wconf 92' lang='lat' dir='ltr'>si</span> 
     </span>
     <span class='ocr_line' id='line_1_27' title="bbox 47 2129 1423 2195; baseline -0.003 -17"><span class='ocrx_word' id='word_1_204' title='bbox 47 2134 178 2179; x_wconf 86' lang='lat' dir='ltr'>frater</span> <span class='ocrx_word' id='word_1_205' title='bbox 192 2133 264 2178; x_wconf 89' lang='lat' dir='ltr'>ille</span> <span class='ocrx_word' id='word_1_206' title='bbox 281 2149 424 2178; x_wconf 87' lang='lat' dir='ltr'>servus</span> <span class='ocrx_word' id='word_1_207' title='bbox 439 2134 518 2178; x_wconf 85' lang='lat' dir='ltr'>Dei</span> <span class='ocrx_word' id='word_1_208' title='bbox 535 2133 721 2178; x_wconf 84' lang='lat' dir='ltr'>Fronto</span> <span class='ocrx_word' id='word_1_209' title='bbox 710 2150 755 2177; x_wconf 92' lang='lat' dir='ltr'>1n</span> <span class='ocrx_word' id='word_1_210' title='bbox 774 2133 824 2177; x_wconf 90' lang='lat' dir='ltr'>iis</span> <span class='ocrx_word' id='word_1_211' title='bbox 841 2148 942 2195; x_wconf 77' lang='lat' dir='ltr'>quae</span> <span class='ocrx_word' id='word_1_212' title='bbox 956 2132 1038 2176; x_wconf 87' lang='lat' dir='ltr'>tibi</span> <span class='ocrx_word' id='word_1_213' title='bbox 1056 2130 1283 2184; x_wconf 84' lang='lat' dir='ltr'>indicavit,</span> <span class='ocrx_word' id='word_1_214' title='bbox 1302 2129 1423 2192; x_wconf 85' lang='lat' dir='ltr'>quod</span> 
     </span>
     <span class='ocr_line' id='line_1_28' title="bbox 49 2198 1419 2278; baseline -0.003 -32"><span class='ocrx_word' id='word_1_215' title='bbox 49 2202 178 2257; x_wconf 74' lang='lat' dir='ltr'>absit,</span> <span class='ocrx_word' id='word_1_216' title='bbox 196 2201 628 2278; x_wconf 77' lang='lat' dir='ltr'>aliquamentiretur3</span> <span class='ocrx_word' id='word_1_217' title='bbox 649 2202 961 2246; x_wconf 83' lang='lat' dir='ltr'>sibinocuisset</span> <span class='ocrx_word' id='word_1_218' title='bbox 978 2200 1193 2276; x_wconf 78' lang='lat' dir='ltr'>profecto,</span> <span class='ocrx_word' id='word_1_219' title='bbox 1212 2216 1299 2244; x_wconf 90' lang='lat' dir='ltr'>non</span> <span class='ocrx_word' id='word_1_220' title='bbox 1319 2198 1419 2253; x_wconf 84' lang='lat' dir='ltr'>tibi,</span> 
     </span>
     <span class='ocr_line' id='line_1_29' title="bbox 48 2267 1415 2332; baseline -0.004 -16"><span class='ocrx_word' id='word_1_221' title='bbox 48 2270 246 2332; x_wconf 86' lang='lat' dir='ltr'>quamvis</span> <span class='ocrx_word' id='word_1_222' title='bbox 267 2281 313 2315; x_wconf 87' lang='lat' dir='ltr'>tu</span> <span class='ocrx_word' id='word_1_223' title='bbox 330 2271 472 2315; x_wconf 84' lang='lat' dir='ltr'>omnia</span> <span class='ocrx_word' id='word_1_224' title='bbox 491 2271 740 2316; x_wconf 87' lang='lat' dir='ltr'>credidisses</span> <span class='ocrx_word' id='word_1_225' title='bbox 763 2271 851 2315; x_wconf 88' lang='lat' dir='ltr'>sine</span> <span class='ocrx_word' id='word_1_226' title='bbox 868 2281 941 2315; x_wconf 86' lang='lat' dir='ltr'>tua</span> <span class='ocrx_word' id='word_1_227' title='bbox 958 2269 1130 2332; x_wconf 88' lang='lat' dir='ltr'>iniquit</span> <span class='ocrx_word' id='word_1_228' title='bbox 1121 2279 1187 2313; x_wconf 75' lang='lat' dir='ltr'>tte</span> <span class='ocrx_word' id='word_1_229' title='bbox 1208 2267 1415 2312; x_wconf 83' lang='lat' dir='ltr'>narranti.</span> 
     </span>
     <span class='ocr_line' id='line_1_30' title="bbox 51 2336 1421 2398; baseline -0.004 -14"><span class='ocrx_word' id='word_1_230' title='bbox 51 2339 268 2395; x_wconf 84' lang='lat' dir='ltr'>Quoniam</span> <span class='ocrx_word' id='word_1_231' title='bbox 288 2340 375 2383; x_wconf 79' lang='lat' dir='ltr'>sive</span> <span class='ocrx_word' id='word_1_232' title='bbox 391 2339 463 2384; x_wconf 84' lang='lat' dir='ltr'>illa</span> <span class='ocrx_word' id='word_1_233' title='bbox 489 2340 546 2384; x_wconf 89' lang='lat' dir='ltr'>ita</span> <span class='ocrx_word' id='word_1_234' title='bbox 570 2350 684 2398; x_wconf 80' lang='lat' dir='ltr'>gesta</span> <span class='ocrx_word' id='word_1_235' title='bbox 708 2340 809 2393; x_wconf 80' lang='lat' dir='ltr'>sint,</span> <span class='ocrx_word' id='word_1_236' title='bbox 830 2339 915 2384; x_wconf 84' lang='lat' dir='ltr'>sive</span> <span class='ocrx_word' id='word_1_237' title='bbox 933 2355 1020 2384; x_wconf 89' lang='lat' dir='ltr'>non</span> <span class='ocrx_word' id='word_1_238' title='bbox 1039 2340 1124 2390; x_wconf 84' lang='lat' dir='ltr'>ita;</span> <span class='ocrx_word' id='word_1_239' title='bbox 1147 2354 1235 2382; x_wconf 85' lang='lat' dir='ltr'>nou</span> <span class='ocrx_word' id='word_1_240' title='bbox 1256 2336 1421 2382; x_wconf 83' lang='lat' dir='ltr'>habent</span> 
     </span>
     <span class='ocr_line' id='line_1_31' title="bbox 50 2407 1421 2471; baseline -0.004 -17"><span class='ocrx_word' id='word_1_241' title='bbox 50 2419 196 2454; x_wconf 87' lang='lat' dir='ltr'>tamen</span> <span class='ocrx_word' id='word_1_242' title='bbox 219 2407 383 2470; x_wconf 85' lang='lat' dir='ltr'>aliquid</span> <span class='ocrx_word' id='word_1_243' title='bbox 399 2446 410 2463; x_wconf 88' lang='lat'>‚</span> <span class='ocrx_word' id='word_1_244' title='bbox 439 2409 559 2471; x_wconf 90' lang='lat' dir='ltr'>quod</span> <span class='ocrx_word' id='word_1_245' title='bbox 584 2409 618 2454; x_wconf 86' lang='lat' dir='ltr'>si</span> <span class='ocrx_word' id='word_1_246' title='bbox 640 2409 739 2471; x_wconf 63' lang='lat' dir='ltr'>&#39;quis</span> <span class='ocrx_word' id='word_1_247' title='bbox 762 2408 996 2454; x_wconf 86' lang='lat' dir='ltr'>crediderit</span> <span class='ocrx_word' id='word_1_248' title='bbox 1025 2408 1084 2453; x_wconf 85' lang='lat' dir='ltr'>ita</span> <span class='ocrx_word' id='word_1_249' title='bbox 1107 2423 1195 2452; x_wconf 89' lang='lat' dir='ltr'>esse</span> <span class='ocrx_word' id='word_1_250' title='bbox 1225 2416 1390 2464; x_wconf 84' lang='lat' dir='ltr'>gestum</span> <span class='ocrx_word' id='word_1_251' title='bbox 1409 2441 1421 2460; x_wconf 89' lang='lat'><strong><em>‚</em></strong></span> 
     </span>
     <span class='ocr_line' id='line_1_32' title="bbox 51 2473 1426 2536; baseline -0.003 -14"><span class='ocrx_word' id='word_1_252' title='bbox 51 2477 178 2522; x_wconf 82' lang='lat' dir='ltr'>etiam</span> <span class='ocrx_word' id='word_1_253' title='bbox 202 2476 235 2520; x_wconf 83' lang='lat' dir='ltr'>si</span> <span class='ocrx_word' id='word_1_254' title='bbox 260 2493 349 2521; x_wconf 90' lang='lat' dir='ltr'>non</span> <span class='ocrx_word' id='word_1_255' title='bbox 375 2478 430 2522; x_wconf 85' lang='lat' dir='ltr'>ita</span> <span class='ocrx_word' id='word_1_256' title='bbox 458 2478 512 2523; x_wconf 85' lang='lat' dir='ltr'>sit</span> <span class='ocrx_word' id='word_1_257' title='bbox 541 2489 723 2536; x_wconf 76' lang='lat' dir='ltr'>gestum,</span> <span class='ocrx_word' id='word_1_258' title='bbox 757 2478 902 2536; x_wconf 82' lang='lat' dir='ltr'>regula</span> <span class='ocrx_word' id='word_1_259' title='bbox 937 2476 1129 2521; x_wconf 80' lang='lat' dir='ltr'>veritatis</span> <span class='ocrx_word' id='word_1_260' title='bbox 1155 2485 1196 2520; x_wconf 88' lang='lat' dir='ltr'>et</span> <span class='ocrx_word' id='word_1_261' title='bbox 1224 2473 1426 2519; x_wconf 83' lang='lat' dir='ltr'>doctrina</span> 
     </span>
     <span class='ocr_line' id='line_1_33' title="bbox 53 2543 1426 2610; baseline -0.001 -19"><span class='ocrx_word' id='word_1_262' title='bbox 53 2546 199 2592; x_wconf 84' lang='lat' dir='ltr'>salutis</span> <span class='ocrx_word' id='word_1_263' title='bbox 230 2557 404 2592; x_wconf 74' lang='lat' dir='ltr'>aeterna:</span> <span class='ocrx_word' id='word_1_264' title='bbox 424 2547 646 2606; x_wconf 75' lang='lat' dir='ltr'>jttdieetur</span> <span class='ocrx_word' id='word_1_265' title='bbox 669 2565 755 2593; x_wconf 85' lang='lat' dir='ltr'>esse</span> <span class='ocrx_word' id='word_1_266' title='bbox 788 2547 1049 2610; x_wconf 78' lang='lat' dir='ltr'>culpandus.</span> <span class='ocrx_word' id='word_1_267' title='bbox 1087 2546 1134 2592; x_wconf 75' lang='lat' dir='ltr'>Si</span> <span class='ocrx_word' id='word_1_268' title='bbox 1169 2555 1313 2591; x_wconf 84' lang='lat' dir='ltr'>autem</span> <span class='ocrx_word' id='word_1_269' title='bbox 1339 2543 1426 2590; x_wconf 81' lang='lat' dir='ltr'>hoc</span> 
     </span>
    </p>

    <p class='ocr_par' dir='ltr' id='par_1_4' title="bbox 105 2628 382 2669">
     <span class='ocr_line' id='line_1_34' title="bbox 105 2628 382 2669; baseline -0.011 -10"><span class='ocrx_word' id='word_1_270' title='bbox 105 2628 148 2664; x_wconf 60' lang='lat'>¹4</span> <span class='ocrx_word' id='word_1_271' title='bbox 172 2631 250 2669; x_wconf 59' lang='lat' dir='ltr'>Rog.</span> <span class='ocrx_word' id='word_1_272' title='bbox 273 2640 302 2664; x_wconf 72' lang='lat' dir='ltr'>x,</span> <span class='ocrx_word' id='word_1_273' title='bbox 327 2641 382 2667; x_wconf 57' lang='grc' dir='ltr'><strong><em>τις).</em></strong></span> 
     </span>
    </p>
   </div>
  </div>
 </body>
</html>
