<?xml version="1.0" encoding="UTF-8"?>
<!DOCTYPE html PUBLIC "-//W3C//DTD XHTML 1.0 Transitional//EN"
    "http://www.w3.org/TR/xhtml1/DTD/xhtml1-transitional.dtd">
<html xmlns="http://www.w3.org/1999/xhtml" xml:lang="en" lang="en">
 <head>
  <title>
</title>
<meta http-equiv="Content-Type" content="text/html;charset=utf-8" />
  <meta name='ocr-system' content='tesseract 3.04.00' />
  <meta name='ocr-capabilities' content='ocr_page ocr_carea ocr_par ocr_line ocrx_word'/>
</head>
<body>
  <div class='ocr_page' id='page_1' title='image "./operaomniaaccura26auguuoft/operaomniaaccura26auguuoft_0483.png"; bbox 0 0 1758 3246; ppageno 0'>
   <div class='ocr_carea' id='block_1_1' title="bbox 478 250 1425 308">
    <p class='ocr_par' dir='ltr' id='par_1_1' title="bbox 478 250 1425 308">
     <span class='ocr_line' id='line_1_1' title="bbox 478 250 1425 308; baseline 0 -12"><span class='ocrx_word' id='word_1_1' title='bbox 478 267 531 296; x_wconf 72' lang='lat' dir='ltr'>mz</span> <span class='ocrx_word' id='word_1_2' title='bbox 570 266 817 305; x_wconf 66' lang='grc' dir='ltr'><strong>ΜΕΝυΑοιο,</strong></span> <span class='ocrx_word' id='word_1_3' title='bbox 859 266 947 297; x_wconf 74' lang='grc' dir='ltr'><strong>ιιΒ.</strong></span> <span class='ocrx_word' id='word_1_4' title='bbox 992 266 1020 297; x_wconf 89' lang='lat'>1.</span> <span class='ocrx_word' id='word_1_5' title='bbox 1333 250 1425 308; x_wconf 73' lang='lat'>463</span> 
     </span>
    </p>
   </div>
   <div class='ocr_carea' id='block_1_2' title="bbox 46 329 1432 2632">
    <p class='ocr_par' dir='ltr' id='par_1_2' title="bbox 46 329 1432 2632">
     <span class='ocr_line' id='line_1_2' title="bbox 53 329 1432 399; baseline -0.002 -20"><span class='ocrx_word' id='word_1_6' title='bbox 53 334 316 399; x_wconf 89' lang='lat' dir='ltr'>superiorem</span> <span class='ocrx_word' id='word_1_7' title='bbox 364 331 702 395; x_wconf 84' lang='lat' dir='ltr'>disputationem</span> <span class='ocrx_word' id='word_1_8' title='bbox 747 348 793 376; x_wconf 92' lang='lat' dir='ltr'>os</span> <span class='ocrx_word' id='word_1_9' title='bbox 827 330 970 376; x_wconf 87' lang='lat' dir='ltr'>cordis</span> <span class='ocrx_word' id='word_1_10' title='bbox 1013 329 1316 393; x_wconf 86' lang='lat' dir='ltr'>accipiendum</span> <span class='ocrx_word' id='word_1_11' title='bbox 1347 347 1432 377; x_wconf 89' lang='lat' dir='ltr'>esse</span> 
     </span>
     <span class='ocr_line' id='line_1_3' title="bbox 53 400 1259 466; baseline -0.002 -18"><span class='ocrx_word' id='word_1_12' title='bbox 53 403 279 450; x_wconf 86' lang='lat' dir='ltr'>contendit</span> <span class='ocrx_word' id='word_1_13' title='bbox 300 441 309 459; x_wconf 97' lang='lat'>,</span> <span class='ocrx_word' id='word_1_14' title='bbox 336 403 412 466; x_wconf 90' lang='lat' dir='ltr'>qui</span> <span class='ocrx_word' id='word_1_15' title='bbox 438 402 672 466; x_wconf 81' lang='lat' dir='ltr'>aliquando</span> <span class='ocrx_word' id='word_1_16' title='bbox 692 411 818 466; x_wconf 79' lang='lat' dir='ltr'>putat</span> <span class='ocrx_word' id='word_1_17' title='bbox 846 417 931 446; x_wconf 89' lang='lat' dir='ltr'>csse</span> <span class='ocrx_word' id='word_1_18' title='bbox 952 400 1259 446; x_wconf 86' lang='lat' dir='ltr'>mentiendum.</span> 
     </span>
     <span class='ocr_line' id='line_1_4' title="bbox 115 470 1430 534; baseline -0.002 -14"><span class='ocrx_word' id='word_1_19' title='bbox 115 474 365 520; x_wconf 82' lang='lat' dir='ltr'>XXXVIII.</span> <span class='ocrx_word' id='word_1_20' title='bbox 407 472 514 517; x_wconf 85' lang='lat' dir='ltr'>Haec</span> <span class='ocrx_word' id='word_1_21' title='bbox 535 482 647 517; x_wconf 88' lang='lat' dir='ltr'>certe</span> <span class='ocrx_word' id='word_1_22' title='bbox 663 473 801 518; x_wconf 90' lang='lat' dir='ltr'>omnis</span> <span class='ocrx_word' id='word_1_23' title='bbox 826 470 1065 534; x_wconf 84' lang='lat' dir='ltr'>disputatio</span> <span class='ocrx_word' id='word_1_24' title='bbox 1089 471 1285 533; x_wconf 66' lang='lat' dir='ltr'>quamvis</span> <span class='ocrx_word' id='word_1_25' title='bbox 1306 471 1430 518; x_wconf 86' lang='lat' dir='ltr'>alter-</span> 
     </span>
     <span class='ocr_line' id='line_1_5' title="bbox 53 540 1429 605; baseline -0.001 -17"><span class='ocrx_word' id='word_1_26' title='bbox 53 553 150 599; x_wconf 87' lang='lat' dir='ltr'><strong>net,</strong></span> <span class='ocrx_word' id='word_1_27' title='bbox 178 543 267 588; x_wconf 80' lang='lat' dir='ltr'>aliis</span> <span class='ocrx_word' id='word_1_28' title='bbox 293 543 577 587; x_wconf 84' lang='lat' dir='ltr'>asserentibus</span> <span class='ocrx_word' id='word_1_29' title='bbox 594 560 815 605; x_wconf 85' lang='lat' dir='ltr'>nunquam</span> <span class='ocrx_word' id='word_1_30' title='bbox 844 558 930 586; x_wconf 89' lang='lat' dir='ltr'>esse</span> <span class='ocrx_word' id='word_1_31' title='bbox 950 540 1245 585; x_wconf 86' lang='lat' dir='ltr'>mentiendum</span> <span class='ocrx_word' id='word_1_32' title='bbox 1268 578 1278 596; x_wconf 84' lang='lat'>,</span> <span class='ocrx_word' id='word_1_33' title='bbox 1311 552 1351 586; x_wconf 72' lang='lat' dir='ltr'>ct</span> <span class='ocrx_word' id='word_1_34' title='bbox 1376 542 1429 587; x_wconf 83' lang='lat' dir='ltr'>ad</span> 
     </span>
     <span class='ocr_line' id='line_1_6' title="bbox 52 609 1423 666; baseline -0.001 -9"><span class='ocrx_word' id='word_1_35' title='bbox 52 613 138 657; x_wconf 90' lang='lat' dir='ltr'>hoc</span> <span class='ocrx_word' id='word_1_36' title='bbox 157 611 304 657; x_wconf 81' lang='lat' dir='ltr'>divina</span> <span class='ocrx_word' id='word_1_37' title='bbox 322 611 563 656; x_wconf 87' lang='lat' dir='ltr'>testimonia</span> <span class='ocrx_word' id='word_1_38' title='bbox 578 611 879 666; x_wconf 79' lang='lat' dir='ltr'>recitantibus,</span> <span class='ocrx_word' id='word_1_39' title='bbox 902 610 993 654; x_wconf 82' lang='lat' dir='ltr'>aliis</span> <span class='ocrx_word' id='word_1_40' title='bbox 1008 609 1423 666; x_wconf 81' lang='lat' dir='ltr'>contradicentibus,</span> 
     </span>
     <span class='ocr_line' id='line_1_7' title="bbox 52 679 1426 743; baseline -0.001 -17"><span class='ocrx_word' id='word_1_41' title='bbox 52 691 95 726; x_wconf 88' lang='lat' dir='ltr'>et</span> <span class='ocrx_word' id='word_1_42' title='bbox 119 682 230 726; x_wconf 85' lang='lat' dir='ltr'>inter</span> <span class='ocrx_word' id='word_1_43' title='bbox 252 681 345 743; x_wconf 87' lang='lat' dir='ltr'>ipsa</span> <span class='ocrx_word' id='word_1_44' title='bbox 368 681 500 727; x_wconf 76' lang='lat' dir='ltr'>verba</span> <span class='ocrx_word' id='word_1_45' title='bbox 537 681 786 726; x_wconf 83' lang='lat' dir='ltr'>divinorum</span> <span class='ocrx_word' id='word_1_46' title='bbox 818 679 1163 725; x_wconf 85' lang='lat' dir='ltr'>testimoniorum</span> <span class='ocrx_word' id='word_1_47' title='bbox 1202 679 1426 725; x_wconf 86' lang='lat' dir='ltr'>mendacio</span> 
     </span>
     <span class='ocr_line' id='line_1_8' title="bbox 52 747 1425 812; baseline -0.001 -17"><span class='ocrx_word' id='word_1_48' title='bbox 52 750 197 796; x_wconf 87' lang='lat' dir='ltr'>locum</span> <span class='ocrx_word' id='word_1_49' title='bbox 223 750 519 812; x_wconf 61' lang='lat' dir='ltr'>quaerentibus</span> <span class='ocrx_word' id='word_1_50' title='bbox 544 767 553 794; x_wconf 92' lang='lat'><strong>:</strong></span> <span class='ocrx_word' id='word_1_51' title='bbox 577 767 703 794; x_wconf 91' lang='lat' dir='ltr'>nemo</span> <span class='ocrx_word' id='word_1_52' title='bbox 733 760 877 794; x_wconf 86' lang='lat' dir='ltr'>tamen</span> <span class='ocrx_word' id='word_1_53' title='bbox 902 758 1044 811; x_wconf 86' lang='lat' dir='ltr'>potest</span> <span class='ocrx_word' id='word_1_54' title='bbox 1069 747 1211 793; x_wconf 87' lang='lat' dir='ltr'>dicere</span> <span class='ocrx_word' id='word_1_55' title='bbox 1230 784 1241 803; x_wconf 89' lang='lat'>,</span> <span class='ocrx_word' id='word_1_56' title='bbox 1273 747 1358 793; x_wconf 90' lang='lat' dir='ltr'>hoc</span> <span class='ocrx_word' id='word_1_57' title='bbox 1385 766 1425 794; x_wconf 84' lang='lat' dir='ltr'>se</span> 
     </span>
     <span class='ocr_line' id='line_1_9' title="bbox 53 817 1424 881; baseline -0.001 -16"><span class='ocrx_word' id='word_1_58' title='bbox 53 830 126 866; x_wconf 87' lang='lat' dir='ltr'>aut</span> <span class='ocrx_word' id='word_1_59' title='bbox 142 820 188 864; x_wconf 93' lang='lat' dir='ltr'>in</span> <span class='ocrx_word' id='word_1_60' title='bbox 207 819 400 881; x_wconf 84' lang='lat' dir='ltr'>exemplo</span> <span class='ocrx_word' id='word_1_61' title='bbox 420 830 493 864; x_wconf 86' lang='lat' dir='ltr'>aut</span> <span class='ocrx_word' id='word_1_62' title='bbox 510 820 554 863; x_wconf 89' lang='lat' dir='ltr'>in</span> <span class='ocrx_word' id='word_1_63' title='bbox 570 820 701 864; x_wconf 86' lang='lat' dir='ltr'>verbo</span> <span class='ocrx_word' id='word_1_64' title='bbox 720 820 896 881; x_wconf 87' lang='lat' dir='ltr'>Scriptu</span> <span class='ocrx_word' id='word_1_65' title='bbox 905 834 1048 863; x_wconf 82' lang='lat' dir='ltr'>rarum</span> <span class='ocrx_word' id='word_1_66' title='bbox 1065 817 1273 872; x_wconf 85' lang='lat' dir='ltr'>invenire,</span> <span class='ocrx_word' id='word_1_67' title='bbox 1296 827 1344 862; x_wconf 87' lang='lat' dir='ltr'>ut</span> <span class='ocrx_word' id='word_1_68' title='bbox 1361 817 1424 863; x_wconf 87' lang='lat' dir='ltr'>di-</span> 
     </span>
     <span class='ocr_line' id='line_1_10' title="bbox 51 885 1426 948; baseline -0.001 -15"><span class='ocrx_word' id='word_1_69' title='bbox 51 888 272 948; x_wconf 85' lang='lat' dir='ltr'>ligendum</span> <span class='ocrx_word' id='word_1_70' title='bbox 296 887 363 932; x_wconf 83' lang='lat' dir='ltr'>vel</span> <span class='ocrx_word' id='word_1_71' title='bbox 386 905 474 932; x_wconf 90' lang='lat' dir='ltr'>non</span> <span class='ocrx_word' id='word_1_72' title='bbox 496 888 594 933; x_wconf 84' lang='lat' dir='ltr'>odio</span> <span class='ocrx_word' id='word_1_73' title='bbox 619 888 875 933; x_wconf 83' lang='lat' dir='ltr'>habendum</span> <span class='ocrx_word' id='word_1_74' title='bbox 898 887 1033 933; x_wconf 91' lang='lat' dir='ltr'>ullum</span> <span class='ocrx_word' id='word_1_75' title='bbox 1059 885 1336 932; x_wconf 83' lang='lat' dir='ltr'>mendacium</span> <span class='ocrx_word' id='word_1_76' title='bbox 1354 887 1426 932; x_wconf 73' lang='lat' dir='ltr'>vi—</span> 
     </span>
     <span class='ocr_line' id='line_1_11' title="bbox 53 955 1431 1019; baseline 0 -17"><span class='ocrx_word' id='word_1_77' title='bbox 53 957 230 1010; x_wconf 78' lang='lat' dir='ltr'>deatur3</span> <span class='ocrx_word' id='word_1_78' title='bbox 257 956 330 1002; x_wconf 88' lang='lat' dir='ltr'>sed</span> <span class='ocrx_word' id='word_1_79' title='bbox 359 957 580 1002; x_wconf 89' lang='lat' dir='ltr'>interdum</span> <span class='ocrx_word' id='word_1_80' title='bbox 620 957 866 1003; x_wconf 88' lang='lat' dir='ltr'>mentiendo</span> <span class='ocrx_word' id='word_1_81' title='bbox 897 955 1145 1002; x_wconf 85' lang='lat' dir='ltr'>faciendum</span> <span class='ocrx_word' id='word_1_82' title='bbox 1185 973 1271 1001; x_wconf 87' lang='lat' dir='ltr'>esse</span> <span class='ocrx_word' id='word_1_83' title='bbox 1311 956 1431 1019; x_wconf 89' lang='lat' dir='ltr'>quod</span> 
     </span>
     <span class='ocr_line' id='line_1_12' title="bbox 52 1025 1426 1089; baseline 0.001 -18"><span class='ocrx_word' id='word_1_84' title='bbox 52 1027 215 1082; x_wconf 88' lang='lat' dir='ltr'>oderis,</span> <span class='ocrx_word' id='word_1_85' title='bbox 244 1037 292 1071; x_wconf 91' lang='lat' dir='ltr'>ut</span> <span class='ocrx_word' id='word_1_86' title='bbox 315 1026 433 1088; x_wconf 89' lang='lat' dir='ltr'>quod</span> <span class='ocrx_word' id='word_1_87' title='bbox 448 1026 633 1089; x_wconf 84' lang='lat' dir='ltr'>amplius</span> <span class='ocrx_word' id='word_1_88' title='bbox 658 1026 959 1073; x_wconf 88' lang='lat' dir='ltr'>detestandum</span> <span class='ocrx_word' id='word_1_89' title='bbox 980 1037 1042 1072; x_wconf 88' lang='lat' dir='ltr'>est</span> <span class='ocrx_word' id='word_1_90' title='bbox 1068 1026 1296 1072; x_wconf 78' lang='lat' dir='ltr'>devitetur.</span> <span class='ocrx_word' id='word_1_91' title='bbox 1343 1025 1426 1072; x_wconf 87' lang='lat' dir='ltr'>Sed</span> 
     </span>
     <span class='ocr_line' id='line_1_13' title="bbox 51 1096 1424 1160; baseline 0 -19"><span class='ocrx_word' id='word_1_92' title='bbox 51 1097 97 1141; x_wconf 92' lang='lat' dir='ltr'>in</span> <span class='ocrx_word' id='word_1_93' title='bbox 124 1096 211 1140; x_wconf 90' lang='lat' dir='ltr'>hoc</span> <span class='ocrx_word' id='word_1_94' title='bbox 231 1106 375 1140; x_wconf 80' lang='lat' dir='ltr'>errant</span> <span class='ocrx_word' id='word_1_95' title='bbox 393 1096 589 1140; x_wconf 87' lang='lat' dir='ltr'>homines</span> <span class='ocrx_word' id='word_1_96' title='bbox 601 1134 612 1152; x_wconf 90' lang='lat'>,</span> <span class='ocrx_word' id='word_1_97' title='bbox 632 1096 750 1160; x_wconf 90' lang='lat' dir='ltr'>quod</span> <span class='ocrx_word' id='word_1_98' title='bbox 767 1097 963 1142; x_wconf 88' lang='lat' dir='ltr'>subdunt</span> <span class='ocrx_word' id='word_1_99' title='bbox 976 1097 1162 1159; x_wconf 86' lang='lat' dir='ltr'>pretiosa</span> <span class='ocrx_word' id='word_1_100' title='bbox 1179 1096 1424 1148; x_wconf 75' lang='lat' dir='ltr'>vilioribus.</span> 
     </span>
     <span class='ocr_line' id='line_1_14' title="bbox 53 1165 1423 1229; baseline 0.001 -19"><span class='ocrx_word' id='word_1_101' title='bbox 53 1167 168 1210; x_wconf 88' lang='lat' dir='ltr'>Cum</span> <span class='ocrx_word' id='word_1_102' title='bbox 189 1165 303 1209; x_wconf 90' lang='lat' dir='ltr'>enim</span> <span class='ocrx_word' id='word_1_103' title='bbox 325 1166 581 1211; x_wconf 77' lang='lat' dir='ltr'>concesseris</span> <span class='ocrx_word' id='word_1_104' title='bbox 601 1166 921 1211; x_wconf 84' lang='lat' dir='ltr'>admittendum</span> <span class='ocrx_word' id='word_1_105' title='bbox 942 1183 1028 1211; x_wconf 86' lang='lat' dir='ltr'>esse</span> <span class='ocrx_word' id='word_1_106' title='bbox 1049 1165 1227 1229; x_wconf 75' lang='lat' dir='ltr'>aliquod</span> <span class='ocrx_word' id='word_1_107' title='bbox 1242 1166 1423 1222; x_wconf 88' lang='lat' dir='ltr'>malum,</span> 
     </span>
     <span class='ocr_line' id='line_1_15' title="bbox 52 1234 1428 1296; baseline 0 -16"><span class='ocrx_word' id='word_1_108' title='bbox 52 1252 104 1280; x_wconf 92' lang='lat' dir='ltr'>ne</span> <span class='ocrx_word' id='word_1_109' title='bbox 128 1234 244 1280; x_wconf 85' lang='lat' dir='ltr'>aliud</span> <span class='ocrx_word' id='word_1_110' title='bbox 268 1235 438 1293; x_wconf 82' lang='lat' dir='ltr'>gravius</span> <span class='ocrx_word' id='word_1_111' title='bbox 462 1234 738 1292; x_wconf 78' lang='lat' dir='ltr'>admittatur3</span> <span class='ocrx_word' id='word_1_112' title='bbox 767 1252 855 1279; x_wconf 89' lang='lat' dir='ltr'>non</span> <span class='ocrx_word' id='word_1_113' title='bbox 878 1252 925 1279; x_wconf 74' lang='lat' dir='ltr'>ex</span> <span class='ocrx_word' id='word_1_114' title='bbox 946 1235 1091 1296; x_wconf 69' lang='lat' dir='ltr'>regula</span> <span class='ocrx_word' id='word_1_115' title='bbox 1114 1235 1304 1280; x_wconf 70' lang='lat' dir='ltr'>veritatis</span> <span class='ocrx_word' id='word_1_116' title='bbox 1319 1272 1329 1291; x_wconf 91' lang='lat'>,</span> <span class='ocrx_word' id='word_1_117' title='bbox 1355 1235 1428 1280; x_wconf 91' lang='lat' dir='ltr'>sed</span> 
     </span>
     <span class='ocr_line' id='line_1_16' title="bbox 51 1304 1428 1368; baseline 0 -17"><span class='ocrx_word' id='word_1_118' title='bbox 51 1323 98 1351; x_wconf 83' lang='lat' dir='ltr'>ex</span> <span class='ocrx_word' id='word_1_119' title='bbox 120 1322 196 1350; x_wconf 85' lang='lat' dir='ltr'>sua</span> <span class='ocrx_word' id='word_1_120' title='bbox 214 1305 397 1367; x_wconf 86' lang='lat' dir='ltr'>quisque</span> <span class='ocrx_word' id='word_1_121' title='bbox 415 1304 654 1366; x_wconf 86' lang='lat' dir='ltr'>cupiditate</span> <span class='ocrx_word' id='word_1_122' title='bbox 669 1315 796 1368; x_wconf 84' lang='lat' dir='ltr'>atque</span> <span class='ocrx_word' id='word_1_123' title='bbox 815 1305 1124 1350; x_wconf 87' lang='lat' dir='ltr'>consuetudine</span> <span class='ocrx_word' id='word_1_124' title='bbox 1144 1305 1321 1350; x_wconf 88' lang='lat' dir='ltr'>metitur</span> <span class='ocrx_word' id='word_1_125' title='bbox 1332 1322 1428 1352; x_wconf 87' lang='lat' dir='ltr'>ma-</span> 
     </span>
     <span class='ocr_line' id='line_1_17' title="bbox 52 1374 1423 1439; baseline 0 -18"><span class='ocrx_word' id='word_1_126' title='bbox 52 1376 142 1422; x_wconf 89' lang='lat' dir='ltr'>lum</span> <span class='ocrx_word' id='word_1_127' title='bbox 166 1395 177 1429; x_wconf 92' lang='lat'>;</span> <span class='ocrx_word' id='word_1_128' title='bbox 199 1385 241 1419; x_wconf 92' lang='lat' dir='ltr'>et</span> <span class='ocrx_word' id='word_1_129' title='bbox 263 1374 309 1420; x_wconf 86' lang='lat' dir='ltr'>id</span> <span class='ocrx_word' id='word_1_130' title='bbox 332 1384 460 1437; x_wconf 81' lang='lat' dir='ltr'>putat</span> <span class='ocrx_word' id='word_1_131' title='bbox 476 1375 645 1434; x_wconf 85' lang='lat' dir='ltr'>gravius</span> <span class='ocrx_word' id='word_1_132' title='bbox 659 1412 670 1431; x_wconf 93' lang='lat'>,</span> <span class='ocrx_word' id='word_1_133' title='bbox 688 1376 808 1437; x_wconf 90' lang='lat' dir='ltr'>quod</span> <span class='ocrx_word' id='word_1_134' title='bbox 827 1376 918 1438; x_wconf 88' lang='lat' dir='ltr'>ipse</span> <span class='ocrx_word' id='word_1_135' title='bbox 940 1375 1126 1439; x_wconf 83' lang='lat' dir='ltr'>amplius</span> <span class='ocrx_word' id='word_1_136' title='bbox 1141 1375 1423 1433; x_wconf 87' lang='lat' dir='ltr'>exhorrescit,</span> 
     </span>
     <span class='ocr_line' id='line_1_18' title="bbox 52 1444 1428 1508; baseline 0.001 -17"><span class='ocrx_word' id='word_1_137' title='bbox 52 1462 141 1491; x_wconf 89' lang='lat' dir='ltr'>non</span> <span class='ocrx_word' id='word_1_138' title='bbox 169 1444 289 1508; x_wconf 89' lang='lat' dir='ltr'>quod</span> <span class='ocrx_word' id='word_1_139' title='bbox 318 1444 503 1507; x_wconf 88' lang='lat' dir='ltr'>amplius</span> <span class='ocrx_word' id='word_1_140' title='bbox 524 1462 671 1490; x_wconf 77' lang='lat' dir='ltr'>revera</span> <span class='ocrx_word' id='word_1_141' title='bbox 692 1445 947 1505; x_wconf 82' lang='lat' dir='ltr'>fugiendum</span> <span class='ocrx_word' id='word_1_142' title='bbox 981 1457 1056 1492; x_wconf 88' lang='lat' dir='ltr'>est.</span> <span class='ocrx_word' id='word_1_143' title='bbox 1089 1447 1184 1491; x_wconf 91' lang='lat' dir='ltr'>Hoc</span> <span class='ocrx_word' id='word_1_144' title='bbox 1208 1456 1346 1491; x_wconf 90' lang='lat' dir='ltr'>totum</span> <span class='ocrx_word' id='word_1_145' title='bbox 1373 1447 1428 1492; x_wconf 87' lang='lat' dir='ltr'>ab</span> 
     </span>
     <span class='ocr_line' id='line_1_19' title="bbox 53 1514 1429 1577; baseline 0 -17"><span class='ocrx_word' id='word_1_146' title='bbox 53 1515 208 1560; x_wconf 88' lang='lat' dir='ltr'>amoris</span> <span class='ocrx_word' id='word_1_147' title='bbox 230 1515 506 1577; x_wconf 70' lang='lat' dir='ltr'>perversitate</span> <span class='ocrx_word' id='word_1_148' title='bbox 529 1514 720 1574; x_wconf 87' lang='lat' dir='ltr'>gignitur</span> <span class='ocrx_word' id='word_1_149' title='bbox 743 1515 911 1561; x_wconf 71' lang='lat' dir='ltr'>vitium.</span> <span class='ocrx_word' id='word_1_150' title='bbox 941 1515 1054 1560; x_wconf 92' lang='lat' dir='ltr'>Cum</span> <span class='ocrx_word' id='word_1_151' title='bbox 1083 1515 1196 1559; x_wconf 88' lang='lat' dir='ltr'>enim</span> <span class='ocrx_word' id='word_1_152' title='bbox 1224 1514 1324 1560; x_wconf 83' lang='lat' dir='ltr'>duae</span> <span class='ocrx_word' id='word_1_153' title='bbox 1344 1515 1429 1561; x_wconf 88' lang='lat' dir='ltr'>sint</span> 
     </span>
     <span class='ocr_line' id='line_1_20' title="bbox 51 1584 1424 1648; baseline 0.001 -18"><span class='ocrx_word' id='word_1_154' title='bbox 51 1585 153 1631; x_wconf 84' lang='lat' dir='ltr'>vitae</span> <span class='ocrx_word' id='word_1_155' title='bbox 176 1594 356 1637; x_wconf 78' lang='lat' dir='ltr'>nostrae3</span> <span class='ocrx_word' id='word_1_156' title='bbox 385 1600 469 1629; x_wconf 89' lang='lat' dir='ltr'>una</span> <span class='ocrx_word' id='word_1_157' title='bbox 488 1584 765 1647; x_wconf 83' lang='lat' dir='ltr'>sempiterna,</span> <span class='ocrx_word' id='word_1_158' title='bbox 786 1602 886 1647; x_wconf 82' lang='lat' dir='ltr'>quae</span> <span class='ocrx_word' id='word_1_159' title='bbox 901 1584 1107 1631; x_wconf 80' lang='lat' dir='ltr'>divinitus</span> <span class='ocrx_word' id='word_1_160' title='bbox 1124 1585 1424 1648; x_wconf 79' lang='lat' dir='ltr'>promittitur3</span> 
     </span>
     <span class='ocr_line' id='line_1_21' title="bbox 53 1654 1427 1718; baseline 0.001 -18"><span class='ocrx_word' id='word_1_161' title='bbox 53 1655 183 1700; x_wconf 83' lang='lat' dir='ltr'>altera</span> <span class='ocrx_word' id='word_1_162' title='bbox 199 1654 466 1718; x_wconf 85' lang='lat' dir='ltr'>temporalis,</span> <span class='ocrx_word' id='word_1_163' title='bbox 491 1655 536 1699; x_wconf 88' lang='lat' dir='ltr'>in</span> <span class='ocrx_word' id='word_1_164' title='bbox 556 1672 642 1717; x_wconf 83' lang='lat' dir='ltr'>qua</span> <span class='ocrx_word' id='word_1_165' title='bbox 654 1672 772 1701; x_wconf 92' lang='lat' dir='ltr'>nunc</span> <span class='ocrx_word' id='word_1_166' title='bbox 790 1672 938 1700; x_wconf 90' lang='lat' dir='ltr'>sumus</span> <span class='ocrx_word' id='word_1_167' title='bbox 959 1673 969 1700; x_wconf 73' lang='grc' dir='ltr'>ε</span> <span class='ocrx_word' id='word_1_168' title='bbox 989 1673 1090 1701; x_wconf 88' lang='lat' dir='ltr'>cum</span> <span class='ocrx_word' id='word_1_169' title='bbox 1109 1655 1427 1718; x_wconf 86' lang='lat' dir='ltr'>quisqueistam</span> 
     </span>
     <span class='ocr_line' id='line_1_22' title="bbox 54 1723 1428 1790; baseline 0 -20"><span class='ocrx_word' id='word_1_170' title='bbox 54 1724 333 1788; x_wconf 87' lang='lat' dir='ltr'>temporalem</span> <span class='ocrx_word' id='word_1_171' title='bbox 360 1723 547 1786; x_wconf 86' lang='lat' dir='ltr'>amplius</span> <span class='ocrx_word' id='word_1_172' title='bbox 571 1724 747 1784; x_wconf 87' lang='lat' dir='ltr'>diligere</span> <span class='ocrx_word' id='word_1_173' title='bbox 771 1726 956 1788; x_wconf 87' lang='lat' dir='ltr'>coeperit</span> <span class='ocrx_word' id='word_1_174' title='bbox 973 1763 984 1782; x_wconf 85' lang='lat'>,</span> <span class='ocrx_word' id='word_1_175' title='bbox 1014 1743 1146 1790; x_wconf 85' lang='lat' dir='ltr'>quam</span> <span class='ocrx_word' id='word_1_176' title='bbox 1170 1724 1289 1771; x_wconf 89' lang='lat' dir='ltr'>illam</span> <span class='ocrx_word' id='word_1_177' title='bbox 1313 1743 1428 1771; x_wconf 89' lang='lat' dir='ltr'>sem-</span> 
     </span>
     <span class='ocr_line' id='line_1_23' title="bbox 51 1794 1429 1859; baseline 0.001 -19"><span class='ocrx_word' id='word_1_178' title='bbox 51 1795 265 1858; x_wconf 83' lang='lat' dir='ltr'>piternam</span> <span class='ocrx_word' id='word_1_179' title='bbox 287 1831 297 1850; x_wconf 87' lang='lat'>,</span> <span class='ocrx_word' id='word_1_180' title='bbox 324 1804 506 1856; x_wconf 89' lang='lat' dir='ltr'>propter</span> <span class='ocrx_word' id='word_1_181' title='bbox 529 1794 645 1839; x_wconf 86' lang='lat' dir='ltr'>hanc</span> <span class='ocrx_word' id='word_1_182' title='bbox 665 1812 796 1858; x_wconf 88' lang='lat' dir='ltr'>quam</span> <span class='ocrx_word' id='word_1_183' title='bbox 823 1796 990 1855; x_wconf 79' lang='lat' dir='ltr'>diligit,</span> <span class='ocrx_word' id='word_1_184' title='bbox 1018 1805 1146 1859; x_wconf 89' lang='lat' dir='ltr'>putat</span> <span class='ocrx_word' id='word_1_185' title='bbox 1178 1812 1263 1840; x_wconf 90' lang='lat' dir='ltr'>esse</span> <span class='ocrx_word' id='word_1_186' title='bbox 1286 1795 1429 1841; x_wconf 86' lang='lat' dir='ltr'>omnia</span> 
     </span>
     <span class='ocr_line' id='line_1_24' title="bbox 51 1864 1429 1929; baseline 0 -19"><span class='ocrx_word' id='word_1_187' title='bbox 51 1864 270 1917; x_wconf 71' lang='lat' dir='ltr'>iaciend23</span> <span class='ocrx_word' id='word_1_188' title='bbox 292 1881 371 1909; x_wconf 90' lang='lat' dir='ltr'>nec</span> <span class='ocrx_word' id='word_1_189' title='bbox 393 1864 481 1909; x_wconf 86' lang='lat' dir='ltr'>ulla</span> <span class='ocrx_word' id='word_1_190' title='bbox 505 1866 691 1910; x_wconf 82' lang='lat' dir='ltr'>aestimat</span> <span class='ocrx_word' id='word_1_191' title='bbox 714 1867 911 1926; x_wconf 85' lang='lat' dir='ltr'>graviora</span> <span class='ocrx_word' id='word_1_192' title='bbox 938 1877 1118 1929; x_wconf 85' lang='lat' dir='ltr'>peccata</span> <span class='ocrx_word' id='word_1_193' title='bbox 1138 1902 1149 1921; x_wconf 90' lang='lat'>,</span> <span class='ocrx_word' id='word_1_194' title='bbox 1173 1882 1306 1928; x_wconf 88' lang='lat' dir='ltr'>quam</span> <span class='ocrx_word' id='word_1_195' title='bbox 1329 1882 1429 1929; x_wconf 86' lang='lat' dir='ltr'>quae</span> 
     </span>
     <span class='ocr_line' id='line_1_25' title="bbox 52 1935 1431 1998; baseline 0.001 -18"><span class='ocrx_word' id='word_1_196' title='bbox 52 1936 156 1981; x_wconf 89' lang='lat' dir='ltr'>huic</span> <span class='ocrx_word' id='word_1_197' title='bbox 176 1936 276 1980; x_wconf 70' lang='lat' dir='ltr'>vitae</span> <span class='ocrx_word' id='word_1_198' title='bbox 299 1935 467 1980; x_wconf 77' lang='lat' dir='ltr'>faciunt</span> <span class='ocrx_word' id='word_1_199' title='bbox 483 1935 688 1995; x_wconf 83' lang='lat' dir='ltr'>injuriam</span> <span class='ocrx_word' id='word_1_200' title='bbox 702 1973 713 1992; x_wconf 88' lang='lat'>,</span> <span class='ocrx_word' id='word_1_201' title='bbox 731 1946 772 1981; x_wconf 90' lang='lat' dir='ltr'>et</span> <span class='ocrx_word' id='word_1_202' title='bbox 791 1936 858 1981; x_wconf 80' lang='lat' dir='ltr'>vel</span> <span class='ocrx_word' id='word_1_203' title='bbox 875 1936 913 1982; x_wconf 91' lang='lat' dir='ltr'>ei</span> <span class='ocrx_word' id='word_1_204' title='bbox 931 1935 1252 1981; x_wconf 77' lang='lat' dir='ltr'>commoditatis</span> <span class='ocrx_word' id='word_1_205' title='bbox 1265 1935 1431 1998; x_wconf 85' lang='lat' dir='ltr'>aliquid</span> 
     </span>
     <span class='ocr_line' id='line_1_26' title="bbox 51 2004 1432 2069; baseline 0 -19"><span class='ocrx_word' id='word_1_206' title='bbox 51 2006 198 2068; x_wconf 88' lang='lat' dir='ltr'>inique</span> <span class='ocrx_word' id='word_1_207' title='bbox 225 2016 266 2050; x_wconf 91' lang='lat' dir='ltr'>et</span> <span class='ocrx_word' id='word_1_208' title='bbox 292 2004 440 2050; x_wconf 89' lang='lat' dir='ltr'>illicite</span> <span class='ocrx_word' id='word_1_209' title='bbox 472 2005 696 2060; x_wconf 79' lang='lat' dir='ltr'>auferunt,</span> <span class='ocrx_word' id='word_1_210' title='bbox 722 2016 795 2052; x_wconf 87' lang='lat' dir='ltr'>aut</span> <span class='ocrx_word' id='word_1_211' title='bbox 829 2024 921 2051; x_wconf 86' lang='lat' dir='ltr'>eam</span> <span class='ocrx_word' id='word_1_212' title='bbox 953 2006 1125 2069; x_wconf 83' lang='lat' dir='ltr'>penitus</span> <span class='ocrx_word' id='word_1_213' title='bbox 1151 2005 1269 2051; x_wconf 83' lang='lat' dir='ltr'>illata</span> <span class='ocrx_word' id='word_1_214' title='bbox 1292 2016 1432 2050; x_wconf 87' lang='lat' dir='ltr'>morte</span> 
     </span>
     <span class='ocr_line' id='line_1_27' title="bbox 53 2073 1429 2138; baseline 0 -18"><span class='ocrx_word' id='word_1_215' title='bbox 53 2075 264 2121; x_wconf 86' lang='lat' dir='ltr'>adimunt.</span> <span class='ocrx_word' id='word_1_216' title='bbox 295 2076 447 2137; x_wconf 88' lang='lat' dir='ltr'>Itaque</span> <span class='ocrx_word' id='word_1_217' title='bbox 468 2073 582 2120; x_wconf 88' lang='lat' dir='ltr'>fures</span> <span class='ocrx_word' id='word_1_218' title='bbox 603 2086 644 2120; x_wconf 93' lang='lat' dir='ltr'>et</span> <span class='ocrx_word' id='word_1_219' title='bbox 658 2086 852 2138; x_wconf 84' lang='lat' dir='ltr'>raptores</span> <span class='ocrx_word' id='word_1_220' title='bbox 874 2086 915 2121; x_wconf 89' lang='lat' dir='ltr'>et</span> <span class='ocrx_word' id='word_1_221' title='bbox 938 2075 1272 2121; x_wconf 89' lang='lat' dir='ltr'>contumeliosos</span> <span class='ocrx_word' id='word_1_222' title='bbox 1287 2085 1328 2121; x_wconf 93' lang='lat' dir='ltr'>et</span> <span class='ocrx_word' id='word_1_223' title='bbox 1344 2085 1429 2120; x_wconf 83' lang='lat' dir='ltr'>tor-</span> 
     </span>
     <span class='ocr_line' id='line_1_28' title="bbox 54 2143 1424 2208; baseline 0 -18"><span class='ocrx_word' id='word_1_224' title='bbox 54 2155 164 2190; x_wconf 87' lang='lat' dir='ltr'>tores</span> <span class='ocrx_word' id='word_1_225' title='bbox 185 2156 312 2207; x_wconf 91' lang='lat' dir='ltr'>atque</span> <span class='ocrx_word' id='word_1_226' title='bbox 329 2143 623 2190; x_wconf 85' lang='lat' dir='ltr'>interfectores</span> <span class='ocrx_word' id='word_1_227' title='bbox 646 2146 780 2205; x_wconf 85' lang='lat' dir='ltr'>magis</span> <span class='ocrx_word' id='word_1_228' title='bbox 802 2146 1012 2202; x_wconf 88' lang='lat' dir='ltr'>oderunt,</span> <span class='ocrx_word' id='word_1_229' title='bbox 1040 2162 1170 2208; x_wconf 86' lang='lat' dir='ltr'>quam</span> <span class='ocrx_word' id='word_1_230' title='bbox 1208 2145 1392 2190; x_wconf 78' lang='lat' dir='ltr'>lascivos</span> <span class='ocrx_word' id='word_1_231' title='bbox 1414 2182 1424 2199; x_wconf 82' lang='lat'>,</span> 
     </span>
     <span class='ocr_line' id='line_1_29' title="bbox 51 2215 1429 2273; baseline -0.001 -11"><span class='ocrx_word' id='word_1_232' title='bbox 51 2217 243 2262; x_wconf 89' lang='lat' dir='ltr'>ebriosos</span> <span class='ocrx_word' id='word_1_233' title='bbox 264 2252 275 2272; x_wconf 91' lang='lat'>,</span> <span class='ocrx_word' id='word_1_234' title='bbox 319 2215 557 2261; x_wconf 67' lang='lat' dir='ltr'>luxuriosos</span> <span class='ocrx_word' id='word_1_235' title='bbox 575 2252 585 2273; x_wconf 89' lang='lat'>‚</span> <span class='ocrx_word' id='word_1_236' title='bbox 624 2217 658 2262; x_wconf 86' lang='lat' dir='ltr'>si</span> <span class='ocrx_word' id='word_1_237' title='bbox 688 2216 797 2262; x_wconf 87' lang='lat' dir='ltr'>nulli</span> <span class='ocrx_word' id='word_1_238' title='bbox 831 2217 997 2262; x_wconf 87' lang='lat' dir='ltr'>molesti</span> <span class='ocrx_word' id='word_1_239' title='bbox 1036 2217 1134 2262; x_wconf 91' lang='lat' dir='ltr'>sint.</span> <span class='ocrx_word' id='word_1_240' title='bbox 1179 2217 1275 2260; x_wconf 47' lang='lat' dir='ltr'>[Non</span> <span class='ocrx_word' id='word_1_241' title='bbox 1315 2217 1429 2260; x_wconf 88' lang='lat' dir='ltr'>enim</span> 
     </span>
     <span class='ocr_line' id='line_1_30' title="bbox 51 2286 1428 2351; baseline -0.002 -18"><span class='ocrx_word' id='word_1_242' title='bbox 51 2286 322 2346; x_wconf 84' lang='lat' dir='ltr'>intelligunt,</span> <span class='ocrx_word' id='word_1_243' title='bbox 351 2297 425 2332; x_wconf 85' lang='lat' dir='ltr'>aut</span> <span class='ocrx_word' id='word_1_244' title='bbox 446 2287 623 2332; x_wconf 87' lang='lat' dir='ltr'>omnino</span> <span class='ocrx_word' id='word_1_245' title='bbox 640 2299 794 2333; x_wconf 86' lang='lat' dir='ltr'>curant</span> <span class='ocrx_word' id='word_1_246' title='bbox 812 2325 822 2344; x_wconf 90' lang='lat'>,</span> <span class='ocrx_word' id='word_1_247' title='bbox 849 2287 967 2351; x_wconf 90' lang='lat' dir='ltr'>quod</span> <span class='ocrx_word' id='word_1_248' title='bbox 987 2287 1056 2333; x_wconf 91' lang='lat' dir='ltr'>isti</span> <span class='ocrx_word' id='word_1_249' title='bbox 1072 2289 1161 2332; x_wconf 89' lang='lat' dir='ltr'>Deo</span> <span class='ocrx_word' id='word_1_250' title='bbox 1179 2287 1340 2332; x_wconf 85' lang='lat' dir='ltr'>faciant</span> <span class='ocrx_word' id='word_1_251' title='bbox 1356 2287 1428 2331; x_wconf 89' lang='lat' dir='ltr'>in—</span> 
     </span>
     <span class='ocr_line' id='line_1_31' title="bbox 46 2355 1429 2420; baseline 0.001 -19"><span class='ocrx_word' id='word_1_252' title='bbox 46 2357 232 2417; x_wconf 83' lang='lat' dir='ltr'>juriam3</span> <span class='ocrx_word' id='word_1_253' title='bbox 256 2374 343 2402; x_wconf 91' lang='lat' dir='ltr'>non</span> <span class='ocrx_word' id='word_1_254' title='bbox 363 2356 539 2419; x_wconf 88' lang='lat' dir='ltr'>quidem</span> <span class='ocrx_word' id='word_1_255' title='bbox 558 2357 603 2402; x_wconf 88' lang='lat' dir='ltr'>in</span> <span class='ocrx_word' id='word_1_256' title='bbox 631 2357 746 2403; x_wconf 89' lang='lat' dir='ltr'>illius</span> <span class='ocrx_word' id='word_1_257' title='bbox 767 2358 944 2420; x_wconf 83' lang='lat' dir='ltr'>aliquod</span> <span class='ocrx_word' id='word_1_258' title='bbox 966 2355 1294 2403; x_wconf 86' lang='lat' dir='ltr'>incommodum</span> <span class='ocrx_word' id='word_1_259' title='bbox 1316 2393 1327 2411; x_wconf 92' lang='lat'>,</span> <span class='ocrx_word' id='word_1_260' title='bbox 1356 2355 1429 2402; x_wconf 80' lang='lat' dir='ltr'>secl</span> 
     </span>
     <span class='ocr_line' id='line_1_32' title="bbox 52 2425 1430 2490; baseline -0.001 -19"><span class='ocrx_word' id='word_1_261' title='bbox 52 2427 96 2472; x_wconf 90' lang='lat' dir='ltr'>in</span> <span class='ocrx_word' id='word_1_262' title='bbox 119 2443 239 2472; x_wconf 86' lang='lat' dir='ltr'>suam</span> <span class='ocrx_word' id='word_1_263' title='bbox 264 2443 466 2486; x_wconf 83' lang='lat' dir='ltr'>magnam</span> <span class='ocrx_word' id='word_1_264' title='bbox 497 2427 732 2490; x_wconf 82' lang='lat' dir='ltr'>perniciem</span> <span class='ocrx_word' id='word_1_265' title='bbox 768 2446 777 2472; x_wconf 93' lang='lat'>:</span> <span class='ocrx_word' id='word_1_266' title='bbox 814 2445 915 2473; x_wconf 88' lang='lat' dir='ltr'>curn</span> <span class='ocrx_word' id='word_1_267' title='bbox 943 2427 1056 2473; x_wconf 86' lang='lat' dir='ltr'>dona</span> <span class='ocrx_word' id='word_1_268' title='bbox 1078 2430 1166 2485; x_wconf 87' lang='lat' dir='ltr'>ejus</span> <span class='ocrx_word' id='word_1_269' title='bbox 1199 2425 1245 2471; x_wconf 87' lang='lat' dir='ltr'>in</span> <span class='ocrx_word' id='word_1_270' title='bbox 1269 2442 1310 2470; x_wconf 93' lang='lat' dir='ltr'>se</span> <span class='ocrx_word' id='word_1_271' title='bbox 1328 2442 1430 2470; x_wconf 89' lang='lat' dir='ltr'>cor-</span> 
     </span>
     <span class='ocr_line' id='line_1_33' title="bbox 51 2494 1430 2560; baseline -0.001 -18"><span class='ocrx_word' id='word_1_272' title='bbox 51 2506 295 2559; x_wconf 84' lang='lat' dir='ltr'>rumpunt,</span> <span class='ocrx_word' id='word_1_273' title='bbox 320 2497 448 2541; x_wconf 89' lang='lat' dir='ltr'>etiam</span> <span class='ocrx_word' id='word_1_274' title='bbox 471 2496 757 2560; x_wconf 79' lang='lat' dir='ltr'>temporalia,</span> <span class='ocrx_word' id='word_1_275' title='bbox 785 2507 911 2560; x_wconf 85' lang='lat' dir='ltr'>atque</span> <span class='ocrx_word' id='word_1_276' title='bbox 936 2497 1042 2560; x_wconf 87' lang='lat' dir='ltr'>ipsis</span> <span class='ocrx_word' id='word_1_277' title='bbox 1072 2494 1430 2557; x_wconf 87' lang='lat' dir='ltr'>corruptionibus</span> 
     </span>
     <span class='ocr_line' id='line_1_34' title="bbox 55 2566 1431 2632; baseline -0.001 -17"><span class='ocrx_word' id='word_1_278' title='bbox 55 2577 302 2615; x_wconf 71' lang='lat' dir='ltr'>aversantur</span> <span class='ocrx_word' id='word_1_279' title='bbox 320 2579 505 2621; x_wconf 75' lang='lat' dir='ltr'>aeterna5</span> <span class='ocrx_word' id='word_1_280' title='bbox 526 2568 710 2614; x_wconf 84' lang='lat' dir='ltr'>maxime</span> <span class='ocrx_word' id='word_1_281' title='bbox 734 2568 767 2614; x_wconf 88' lang='lat' dir='ltr'>si</span> <span class='ocrx_word' id='word_1_282' title='bbox 779 2571 873 2628; x_wconf 85' lang='lat' dir='ltr'>jam</span> <span class='ocrx_word' id='word_1_283' title='bbox 893 2566 1105 2632; x_wconf 89' lang='lat' dir='ltr'>templum</span> <span class='ocrx_word' id='word_1_284' title='bbox 1131 2566 1210 2613; x_wconf 88' lang='lat' dir='ltr'>Dei</span> <span class='ocrx_word' id='word_1_285' title='bbox 1226 2581 1312 2612; x_wconf 88' lang='lat' dir='ltr'>esse</span> <span class='ocrx_word' id='word_1_286' title='bbox 1335 2581 1431 2613; x_wconf 86' lang='lat' dir='ltr'>coe-</span> 
     </span>
    </p>
   </div>
  </div>
 </body>
</html>
