1758 3246
274 347 365 391 600
680 365 713 394 s.
758 363 996 394 ,1000511111
1033 362 1232 393 1111150οΡ1

273 425 467 472 homines
487 426 590 472 filiae
608 438 767 475 nostrae
787 428 1114 489 religiosissimae
1136 427 1276 473 Florae
1292 465 1302 483 ,
1322 444 1517 491 quaereus
1535 446 1557 474 a
1574 446 1641 476 me

272 506 420 541 utrum
444 498 583 559 prosit
601 499 759 562 cuique
778 510 877 562 post
896 509 1077 544 mortem
1092 497 1211 560 quod
1230 515 1389 561 corpus
1413 502 1502 558 ejus
1523 498 1642 561 apud

274 565 422 610 Sancti
461 566 645 627 alicuius
679 570 931 614 Memoriam
962 568 1177 631 sepelitur.
1219 568 1314 613 Hoc
1339 569 1454 613 enim
1493 568 1569 613 abs
1604 578 1642 614 10

272 635 403 680 vidua
427 649 663 684 memorata
690 639 899 702 petiverat
934 655 1014 702 pro
1039 637 1244 683 defuncto
1267 637 1313 682 in
1347 638 1404 683 eis
1442 637 1643 700 partibus

272 705 361 750 filio
385 723 479 763 suo,
506 718 546 752 et
564 709 841 772 rescripseras
858 708 1081 754 consolans
1096 725 1189 752 eam
1205 724 1216 751 t
1234 706 1363 770 idque
1383 707 1511 752 etiam
1532 724 1642 754 nun-

275 776 382 821 tians
405 776 458 822 de
481 777 688 824 cadavere
711 779 848 824 fidelis
867 780 1038 839 juvenis
1063 779 1244 840 Cynegii
1260 815 1272 834 ,
1295 777 1414 841 quod
1449 788 1641 823 materno

270 855 312 891 et
328 846 403 909 pio
424 847 578 893 affectu
608 848 888 903 desideravit,
911 866 996 895 esse
1022 848 1289 911 completum
1308 885 1319 904 ,
1342 859 1390 894 ut
1413 848 1574 894 scilicet
1597 848 1642 893 in

269 916 506 962 beatissimi
532 918 681 964 Felicis
701 921 951 966 confessoris
969 919 1149 965 basilica
1170 929 1417 982 poneretur.
1445 919 1543 975 Qua
1564 935 1643 964 oc-

271 987 439 1033 casione
462 988 627 1034 factum
654 1001 740 1046 est,
768 1002 817 1037 ut
845 1009 923 1055 per
943 991 1113 1036 eosdem
1132 990 1367 1054 perlatores
1401 989 1641 1035 litterarum

268 1067 443 1103 tuarum
457 1059 586 1104 etiam
601 1060 709 1106 mihi
728 1062 953 1118 scriberes,
971 1063 1165 1121 ingerens
1182 1060 1484 1121 hujuscemodi
1502 1076 1643 1123 quaes-

269 1129 449 1187 tionem,
476 1141 602 1194 atque
619 1143 667 1178 111
689 1133 996 1196 responderem
1020 1132 1128 1196 quid
1149 1132 1249 1178 inde
1272 1133 1382 1178 mihi
1402 1133 1636 1190 videretur,

269 1215 521 1260 exposcens,
549 1219 628 1247 nec
670 1214 814 1249 tacens
840 1204 932 1267 ipse
966 1203 1075 1267 quid
1096 1203 1264 1250 sentias.
1303 1204 1415 1248 Nam
1440 1203 1547 1249 dicis
1570 1204 1642 1250 vi-

270 1269 362 1315 11011
393 1271 473 1316 tibi
503 1289 592 1317 non
615 1290 700 1318 esse
727 1274 873 1319 inanes
907 1285 1050 1319 motus
1074 1274 1317 1319 animorum
1346 1273 1642 1334 religiosorum

271 1350 397 1403 atque
422 1340 615 1387 fidelium
630 1360 711 1406 pro
749 1344 836 1388 suis
859 1345 939 1388 ista
970 1345 1234 1390 curantium.
1270 1343 1483 1404 Adjuugis
1514 1345 1642 1390 etiam

268 1427 422 1455 vacare
448 1429 535 1457 non
554 1430 698 1475 posse,
726 1413 844 1476 quod
870 1414 1067 1459 universa
1095 1429 1177 1476 pro
1212 1412 1426 1458 defunctis
1449 1414 1643 1460 Ecclesia

267 1481 514 1544 supplicare
527 1483 749 1529 consuevit
771 1501 780 1528 :
810 1494 859 1529 ut
875 1483 980 1529 hinc
999 1495 1041 1529 et
1062 1483 1171 1529 illud
1191 1484 1347 1544 conjici
1371 1484 1506 1548 possit
1523 1521 1534 1540 ,
1554 1484 1642 1530 ho-

267 1553 372 1598 mini
391 1553 590 1616 prodesse
613 1565 710 1617 post
752 1566 931 1600 mortem
953 1593 963 1611 ,
1003 1556 1037 1600 si
1083 1554 1168 1601 fide
1200 1572 1375 1601 suorum
1414 1555 1641 1602 humando

266 1627 357 1682 ejus
379 1624 551 1687 corpori
570 1625 667 1670 talis
684 1625 965 1688 provideatur
982 1627 1104 1672 locus
1118 1663 1129 1682 ,
1145 1628 1189 1671 111
1209 1643 1296 1690 quo
1322 1637 1528 1689 appareat
1542 1628 1642 1690 opi-

268 1693 423 1739 tulatio
447 1694 669 1740 etiamisto
694 1696 825 1741 modo
848 1697 1029 1760 quaesita
1050 1698 1326 1744 Sanctorum.

334 1765 392 1810 ΙΙ.
422 1764 505 1810 Sed
524 1782 624 1810 cum
637 1765 736 1812 haec
755 1767 814 1811 ita
832 1768 934 1823 sint,
956 1768 1178 1830 quomodo
1198 1768 1304 1814 111110
1321 1770 1515 1832 opinioni
1535 1787 1643 1817 con-

272 1834 451 1880 trarium
476 1852 564 1880 11011
588 1837 664 1892 sit,
699 1836 814 1900 quod
853 1837 959 1883 dicit
993 1838 1251 1901 Apostolus:
1280 1861 1299 1879 «
1328 1840 1490 1886 Omnes
1528 1841 1642 1886 enim

269 1926 287 1945 n
313 1905 554 1951 astabimus
583 1917 679 1952 ante
702 1907 898 1952 tribunal
928 1907 1121 1963 Christi,
1146 1919 1193 1953 ut
1215 1907 1322 1954 ferat
1347 1912 1643 1974 unusquisque

269 1996 289 2016 »
314 1975 553 2021 secundum
581 1994 627 2022 ca
654 1994 753 2040 quae
773 1994 851 2040 per
869 1994 1028 2041 corpus
1049 1979 1198 2037 gessit,
1219 1979 1306 2024 sive
1328 1979 1517 2037 bonum,
1557 1983 1643 2027 sive

270 2066 289 2085 ³>
315 2046 478 2092 malum
495 2045 528 2093 1.
549 2068 569 2088 n
595 2048 703 2093 Haec
721 2048 886 2111 quippe
910 2048 1146 2111 apostolica
1168 2051 1377 2095 sententia
1407 2061 1503 2096 ante
1522 2068 1642 2097 mor-

270 2127 354 2161 tem
376 2116 579 2163 admonet
608 2117 724 2174 fieri,
755 2118 874 2181 quod
899 2120 1034 2181 possit
1066 2119 1268 2182 prodesse
1293 2131 1392 2183 post
1426 2133 1639 2169 mortem:

266 2203 355 2233 non
374 2197 480 2233 111110
498 2225 508 2243 ,
537 2188 713 2251 quando
737 2193 825 2249 jam
867 2190 1169 2253 recipiendum
1199 2202 1259 2236 est
1302 2191 1421 2255 quod
1458 2193 1642 2257 quisque

265 2259 438 2318 gesserit
463 2269 560 2304 ante
580 2270 776 2306 mortem.
816 2260 976 2306 Verum
1006 2260 1104 2307 haec
1135 2262 1196 2307 ita
1218 2261 1401 2309 solvitur
1435 2264 1637 2327 quaestio,

267 2327 475 2390 quoniam
504 2328 695 2391 quodam
728 2329 828 2376 vitae
866 2347 1015 2390 genere
1044 2331 1306 2394 acquiritur,
1345 2333 1451 2379 dum
1483 2333 1528 2379 in
1555 2334 1641 2380 hoc

267 2415 450 2462 corpore
468 2399 647 2455 vivitur,
682 2411 731 2446 ut
766 2400 931 2464 aliquid
957 2401 1163 2461 adjuvent
1191 2403 1270 2448 ista
1295 2403 1549 2457 defunctos3
1593 2422 1641 2451 ac

262 2487 342 2533 per
376 2470 464 2515 1100
496 2471 735 2516 secuudum
771 2489 820 2517 ea
857 2488 956 2536 quae
996 2490 1073 2536 per
1110 2490 1269 2536 corpus
1297 2485 1542 2533 gesserunt,
1584 2475 1641 2521 eis

259 2557 359 2603 quae
376 2551 476 2604 post
500 2558 658 2605 corpus
671 2542 862 2603 religiose
884 2561 964 2607 pro
982 2543 1066 2589 illis
1091 2543 1206 2590 facta
1227 2544 1404 2602 fuerint,
1428 2545 1639 2606 adjuvan-

316 2653 325 2675 ¹
348 2664 364 2684 2
384 2654 457 2686 Cor.
476 2665 505 2691 v,
535 2666 582 2686 10.
