1758 3246
373 297 427 326 DE
464 294 629 325 SANC‘sA
667 293 990 332 VIROENITATE,
1030 293 1114 322 tin.
1158 289 1188 322 1.
1396 271 1489 337 293

114 363 419 409 necessitatem.
464 359 577 406 Novi
607 358 720 404 enim
749 358 855 422 quid
888 358 1112 420 praesentis
1143 356 1348 420 temporis
1370 393 1380 412 ,
1417 355 1492 401 cui

116 433 315 493 conjugia
347 430 565 485 serviunt,
592 429 819 474 necessitas
843 437 993 487 cogat,
1028 437 1076 471 ut
1098 444 1145 471 ea
1163 444 1263 490 quae
1285 426 1366 471 Dei
1390 435 1493 472 sunt

116 504 258 549 minus
276 501 535 561 cogitentur,
565 515 697 562 quam
723 498 881 543 sufficit
906 495 1170 560 adipiscenti
1165 513 1201 541 e
1225 496 1284 540 illi
1309 496 1456 555 gloriae
1477 533 1491 553 ,

116 590 215 637 quae
234 588 321 618 non
344 571 424 616 erit
450 569 676 621 omnium,
707 567 906 632 quamvis
922 568 968 613 in
988 576 1149 612 {eterna
1172 566 1259 610 vita
1289 583 1338 611 ac
1358 566 1496 611 salute

116 642 396 688 manentium.
421 639 585 686 «Stella
598 639 714 684 enim
737 640 791 684 ab
818 637 938 684 stella
956 636 1133 682 differt
1122 654 1167 681 1n
1189 635 1412 691 claritate,
1434 637 1496 681 sic

118 733 139 754 ›>
161 722 202 758 et
221 711 472 757 resurrectio
494 720 688 756 moitum
693 726 766 755 um
782 708 816 756 4.
845 710 1020 753 Bonum
1040 717 1103 752 est
1124 723 1223 767 ergo
1248 673 1417 752 homini
1435 705 1497 751 sic

117 802 137 824 >³
164 798 249 827 esse
265 783 329 828 2.»

181 852 274 898 XV.
317 851 483 897 Deinde
508 851 707 910 adjungit
740 849 856 895 idem
879 847 1133 912 Apostolu5‚
1157 857 1198 892 ct
1215 847 1324 893 dicit
1351 865 1361 892 :
1389 848 1498 893 «Al-

118 942 139 963 »
161 922 316 982 ligatus
339 939 381 967 es
407 922 527 967 uxori
541 959 551 978 ,
569 938 622 966 ne
642 919 861 983 quaesieris
885 919 1141 965 solutionem
1162 938 1172 971 3
1197 917 1360 963 solutus
1383 934 1425 962 es
1440 918 1498 963 ab

119 1013 139 1033 »
165 1008 294 1037 uxore
312 1029 322 1047 ,
352 1009 404 1036 ne
428 991 647 1054 quaesieris
673 990 890 1036 uxorem3.
914 1008 934 1028 >³
971 989 1140 1033 Horum
1167 987 1353 1033 duorum
1377 987 1500 1050 quod

117 1061 238 1124 prius
260 1062 428 1124 posuit,
459 1061 512 1106 ad
541 1072 815 1124 praeceptum
847 1060 1066 1123 pertinet,
1093 1069 1245 1103 contra
1267 1057 1387 1121 quod
1410 1075 1500 1103 non

117 1130 218 1175 licet
248 1130 400 1177 facere.
444 1132 542 1175 Non
572 1131 686 1174 enim
720 1130 822 1173 licet
859 1128 1076 1172 dimittere
1112 1144 1314 1183 uxorem,
1349 1127 1502 1173 nisiex

119 1217 246 1244 causa
269 1199 567 1245 fornicationis
587 1235 598 1252 ‚
627 1199 740 1242 sicut
757 1197 803 1241 in
827 1195 1061 1255 Evangelio
1082 1197 1172 1259 ipse
1195 1196 1410 1242 Dominus
1427 1196 1501 1242 di-

119 1268 224 1315 cit4.
262 1268 379 1313 Illud
403 1279 548 1313 autem
569 1267 689 1331 quod
711 1266 883 1312 addidit
907 1285 918 1311 ε
953 1287 973 1307 «
996 1266 1171 1312 Solutus
1192 1284 1233 1312 es
1264 1266 1319 1312 ab
1341 1282 1469 1312 uxore
1485 1304 1500 1324 ,

119 1359 140 1380 »
165 1355 218 1383 ne
242 1338 461 1400 quaesielis
482 1354 685 1390 uxorem
701 1359 721 1379 »
751 1337 918 1383 consilii
934 1337 1142 1382 sententia
1156 1347 1246 1393 est,
1271 1354 1359 1382 non
1389 1354 1505 1400 prae-

121 1408 270 1470 cepti.
292 1407 391 1452 licet
416 1409 564 1470 itaque
585 1391 754 1464 facere,
774 1407 848 1452 sed
866 1406 1018 1452 melius
1039 1417 1103 1451 est
1125 1424 1214 1452 non
1233 1405 1387 1454 fiicelme
1413 1409 1505 1454 De-

120 1477 252 1540 nique
281 1477 492 1522 continuo
525 1477 746 1536 subjecit:
774 1498 794 1518 a
820 1477 912 1522 Etsi
940 1477 1154 1539 acceperis
1178 1494 1380 1533 uxorem,
1416 1495 1507 1524 non

122 1568 143 1588 »
172 1563 293 1609 pecc
282 1547 386 1599 ιεῖί;
401 1557 443 1591 et
459 1546 492 1591 si
511 1547 707 1610 nupserit
724 1547 862 1606 virgo,
882 1563 970 1591 non
982 1546 1175 1608 peccat5.
1186 1568 1206 1588 »
1228 1546 1344 1592 Illud
1361 1559 1507 1594 autem

122 1617 242 1680 prius
262 1634 363 1661 cum
386 1616 558 1661 dixisset
581 1635 591 1661 ε
618 1638 636 1656 «
654 1617 863 1676 Alligatus
874 1633 915 1661 es
936 1617 1074 1672 uxori,
1088 1633 1141 1661 ne
1157 1617 1377 1680 quaesieris
1394 1618 1508 1664 solu-

122 1707 143 1727 »
170 1687 329 1731 tionem
349 1706 391 1739 3»
406 1687 621 1750 numquid
633 1686 802 1732 addidit
822 1705 833 1731 :
856 1686 955 1731 Etsi
968 1686 1161 1743 solveris,
1178 1704 1267 1732 non
1284 1690 1507 1751 peccasti?

122 1758 148 1801 J
152 1774 220 1801 am
238 1757 350 1802 enim
370 1773 500 1819 supra
525 1757 687 1802 dixerat
716 1774 727 1802 ς
755 1778 774 1798 «
798 1757 875 1802 His
900 1767 1044 1802 autem
1064 1757 1258 1820 quisunt
1277 1757 1323 1803 in
1347 1763 1507 1819 conJ'u—

122 1848 143 1869 »
168 1828 236 1886 gio
257 1827 470 1891 praecipio
489 1864 500 1883 ,
527 1844 615 1873 non
640 1845 716 1887 ego
733 1865 744 1883 ,
781 1827 854 1872 sed
892 1828 1132 1883 Dominus,
1167 1845 1339 1875 uxorem
1367 1848 1390 1875 a
1412 1831 1510 1877 viro

123 1918 144 1938 »
168 1914 255 1943 non
282 1897 503 1943 discedere
524 1917 535 1950 ;
567 1898 686 1961 quod
710 1898 743 1943 si
766 1897 1005 1943 discesserit
1023 1935 1034 1953 ,
1062 1916 1234 1944 manere
1254 1899 1505 1963 innuptamg

123 1988 144 2008 »
171 1977 245 2012 aut
267 1967 360 2013 viro
383 1984 458 2013 suo
479 1967 786 2013 reconciliariss
810 1985 820 2012 ε
848 1989 868 2009 »
899 1969 992 2013 fieri
1020 1968 1136 2013 enim
1159 1979 1303 2031 potest
1338 1980 1387 2015 ut
1418 1988 1509 2016 non

122 2054 199 2083 sua
215 2038 346 2102 culpa
362 2075 372 2094 ‚
395 2038 468 2084 sed
487 2039 633 2084 mariti
651 2038 856 2086 discedat.
890 2038 1062 2084 Deinde
1088 2038 1146 2084 ait
1169 2056 1180 2083 :
1203 2059 1224 2081 α
1245 2041 1302 2085 Et
1321 2040 1388 2086 vii·
1408 2058 1510 2087 uxo-

123 2129 144 2150 »
167 2125 257 2153 rem
275 2125 328 2153 ne
350 2107 540 2154 dimittat
557 2130 567 2163 3
585 2131 606 2151 n
629 2109 749 2173 quod
783 2109 1070 2155 nihilominus
1097 2126 1145 2154 ex
1171 2122 1395 2174 praecepto
1425 2113 1512 2156 Do-

123 2178 232 2224 mini
250 2178 396 2241 posuit
418 2216 429 2235 ,
456 2196 536 2225 nec
561 2179 624 2225 ibi
657 2179 828 2225 addidit
859 2196 870 2224 z
897 2181 952 2224 Et
970 2179 1004 2224 si
1030 2179 1263 2236 dimiserit,
1290 2197 1379 2226 non
1399 2199 1509 2244 pec—

125 2258 208 2294 cat.
233 2249 511 2312 Praeceptum
527 2260 588 2295 est
607 2250 722 2295 enim
745 2250 857 2306 hoc,
880 2249 952 2295 cui
971 2266 1060 2294 non
1081 2249 1260 2295 obedire
1278 2262 1510 2314 peccatum

126 2331 214 2374 est3
239 2338 327 2367 non
354 2321 583 2367 consilium
600 2359 611 2377 ,
637 2339 725 2385 quo
740 2323 774 2367 si
792 2323 855 2368 uti
872 2322 1061 2368 nolueris
1080 2359 1092 2379 ‚
1117 2322 1262 2368 minus
1283 2322 1391 2368 boni
1410 2323 1509 2368 adi-

125 2391 304 2455 pisceris
321 2428 333 2448 ,
361 2409 450 2438 non
472 2392 575 2437 mali
605 2392 770 2456 aliquid
799 2392 1088 2456 perpetrabis.
1130 2395 1366 2455 Propterea
1406 2410 1510 2439 cum

128 2460 299 2506 dixisset
322 2479 333 2506 :
360 2482 381 2503 «
405 2461 580 2507 Solutus
598 2479 639 2507 es
669 2463 725 2509 ab
748 2480 877 2508 uxore
894 2501 906 2520 ,
932 2480 986 2509 ne
1011 2463 1230 2526 quaesieris
1251 2479 1425 2507 uxorem
1445 2474 1468 2517 3'
1487 2486 1508 2505 n

176 2551 188 2573 ¹
214 2562 227 2581 1
259 2551 333 2583 Cor.
355 2562 407 2589 xv,
426 2557 481 2588 4¹·
500 2569 546 2575 —
560 2550 576 2573 2
591 2552 640 2584 Id.
662 2564 718 2587 vu,
739 2554 854 2586 26.—
868 2550 987 2587 31hid.
1005 2563 1060 2593 27.
1078 2569 1122 2576 —
1139 2548 1154 2575 ⁴
1173 2551 1293 2587 Manli.
1323 2562 1392 2593 xix,
1410 2563 1443 2596 9,
1466 2570 1511 2579 ’-

129 2602 144 2627 5
165 2615 177 2635 ι
202 2604 278 2636 Cor.
299 2614 356 2646 vu,
376 2604 435 2641 28.
450 2622 494 2628 —
512 2602 527 2627 6
545 2604 630 2640 lbid.
652 2616 704 2646 ιο,
726 2617 783 2641 11.
