1758 3246
317 305 408 349 216
737 321 775 349 s.
815 319 1059 351 Aucusrim
1092 321 1297 352 EPISCOPI

317 405 337 424 »
355 382 603 429 varicati01.
629 404 649 424 »
670 383 736 429 lta
756 383 819 429 lex
838 385 974 444 gratia
990 403 1076 430 non
1095 389 1276 444 juvante
1295 423 1306 441 ‚
1334 386 1573 449 prohibens
1596 405 1696 451 pee-

319 462 465 496 catum
481 489 492 507 ‚
514 451 652 498 virtus
675 464 736 498 est
758 455 936 517 insuper
961 454 1076 499 facta
1106 456 1274 517 peccati
1297 474 1306 500 ε
1335 455 1450 501 unde
1475 457 1533 501 ait
1554 458 1698 520 Apos-

316 521 428 566 tolus
451 539 461 565 :
491 543 511 563 ‹<
534 522 683 567 Virtus
708 524 878 586 peccati
899 523 1004 569 lex2.
1030 546 1050 564 »
1075 525 1164 569 Nec
1188 525 1436 571 mirandum
1460 537 1521 571 est
1538 563 1548 582 ,
1578 527 1697 590 quod

316 590 509 637 humana
530 591 761 638 infirmitas
779 593 906 639 ctiam
926 593 979 638 de
998 593 1088 652 lege
1110 594 1228 639 bona
1245 595 1354 640 vires
1371 596 1484 640 malo
1505 596 1693 653 addidit,

315 661 420 707 dum
459 663 510 707 ad
549 663 688 726 ipsam
722 663 858 722 legem
890 664 1135 708 faciendam
1171 663 1224 708 de
1258 666 1343 710 suis
1373 666 1539 711 viribus
1578 667 1689 714 fidit.

313 733 523 792 Ignorans
551 733 717 796 quippe
745 733 823 778 Dei
843 733 1086 792 justitiam3
1105 770 1115 788 ,
1145 751 1275 796 quam
1312 734 1387 779 dat
1423 735 1598 781 infirmo
1618 774 1628 793 ‚
1655 748 1698 782 et

313 819 433 847 suam
452 803 599 848 volens
619 804 878 848 constituere
896 841 906 859 ‚
931 821 1015 866 qua
1040 815 1157 849 caret
1176 804 1372 850 infirmus
1390 843 1401 861 ,
1418 806 1599 865 justitiae
1617 808 1696 853 Dei
1757 849 1758 854 ,

312 889 401 916 non
434 883 496 917 est
528 873 775 933 subjectus,
816 875 1028 936 reprobus
1057 885 1097 917 et
1134 875 1362 937 superbus.
1401 876 1446 920 Si
1472 887 1613 922 autem
1632 876 1696 922 lex
1757 896 1758 922 ;

311 942 475 988 factum
493 944 898 1006 praevaricatorcm,
924 955 1073 1007 tanqu
1075 962 1130 988 un
1154 945 1209 990 ad
1239 945 1325 990 hoc
1350 945 1522 1005 gratius
1540 947 1697 992 vulne—
1756 981 1758 988 .

310 1022 454 1057 ratum
474 1023 522 1057 ut
547 1013 759 1058 desideret
786 1013 1033 1060 medicum
1064 1024 1271 1091 tanquam
1304 1015 1570 1077 paedagogus
1590 1033 1695 1079 per-

310 1082 434 1128 ducit
455 1083 509 1128 ad
537 1084 744 1143 gratiam3
775 1095 926 1129 contra
956 1084 1213 1129 suaxitatem
1241 1085 1411 1130 noxiam
1434 1102 1521 1148 qua
1543 1085 1696 1131 vince-

310 1152 389 1197 bat
418 1154 798 1217 concupiscentia
826 1153 1040 1198 Dominus
1075 1153 1151 1198 dat
1174 1155 1429 1200 suavitatem
1451 1155 1696 1201 beneficam

312 1240 398 1285 qua
435 1223 620 1269 delectet
654 1223 840 1287 amplius
879 1223 1174 1277 continentia,
1210 1234 1251 1269 et
1287 1235 1400 1269 terra
1437 1235 1584 1270 nostra
1620 1225 1696 1270 dat

310 1292 505 1338 fructum
543 1293 726 1349 suum4‚
754 1310 840 1356 quo
871 1293 1064 1355 pascitur
1092 1293 1212 1337 miles
1231 1330 1240 1348 ‚
1275 1293 1350 1355 qui
1382 1293 1574 1339 debellat
1605 1296 1694 1339 Deo

307 1366 487 1422 juvante
505 1374 754 1426 peccatum.

375 1434 499 1480 VIII.
544 1433 668 1478 Tales
687 1433 844 1478 milites
869 1432 1106 1495 apostolica
1132 1434 1239 1478 tuba
1262 1433 1343 1478 isto
1365 1434 1508 1479 sonitu
1533 1451 1694 1480 accen-

311 1502 376 1548 dit
394 1504 438 1548 in
463 1502 666 1567 praelium
690 1521 699 1547 :
726 1525 745 1543 «
766 1504 863 1548 Non
886 1520 985 1562 ergo
1004 1514 1150 1562 regnet
1170 1541 1179 1550 .
1201 1504 1344 1567 inquit
1363 1541 1373 1559 ‚
1396 1515 1627 1566 peccatum
1650 1506 1695 1550 in

313 1594 332 1613 ›>
353 1585 494 1618 vestro
522 1573 694 1619 mortali
723 1590 907 1636 corpore
938 1573 992 1618 ad
1016 1573 1310 1618 obediendum
1336 1573 1557 1619 desideriis
1576 1579 1692 1634 ejus;

310 1664 330 1683 υ
351 1660 492 1706 neque
509 1643 791 1689 exhibueritis
814 1644 1010 1689 membra
1027 1654 1169 1688 vestra
1190 1661 1307 1688 arma
1327 1643 1570 1706 iniquitatis
1593 1661 1695 1708 pec-

313 1734 333 1754 »
353 1724 451 1759 cato
482 1731 492 1758 ε
535 1714 608 1759 sed
631 1713 832 1759 exhibete
865 1731 941 1760 vos
972 1716 1064 1759 Deo
1087 1725 1298 1776 tanquam
1333 1731 1379 1759 ex
1410 1714 1592 1760 mortuis
1623 1714 1695 1761 vi-

313 1804 333 1824 »
354 1795 499 1829 ventes
514 1821 525 1840 ,
556 1794 598 1829 et
622 1784 818 1829 membra
836 1795 975 1829 vestra
994 1801 1110 1829 arma
1121 1784 1304 1843 justitiae
1323 1784 1429 1830 Deo.
1459 1785 1694 1830 Peccatum

314 1875 334 1895 »
354 1854 469 1899 enim
486 1855 610 1900 vobis
633 1872 722 1900 non
745 1853 1059 1900 dominabitur.
1091 1856 1189 1899 Non
1210 1854 1324 1899 enim
1349 1854 1447 1899 estis
1467 1854 1549 1899 sub
1574 1855 1665 1914 lege
1680 1892 1690 1911 ,

315 1943 336 1963 »
355 1923 429 1968 sed
447 1924 528 1969 sub
553 1923 733 1983 gratia5.
760 1945 780 1965 »
807 1925 862 1968 Et
887 1924 968 1969 alio
988 1924 1085 1969 loco
1109 1942 1119 1968 ε
1143 1945 1162 1964 «
1183 1925 1313 1983 Ergo,
1334 1924 1500 1987 inquit,
1521 1924 1690 1980 fratres,

314 2014 334 2034 »
353 1992 572 2038 debitores
588 2010 736 2038 sumus
758 2011 846 2038 non
871 1994 989 2038 carni
1006 2030 1016 2049 ,
1046 2003 1094 2038 ut
1119 1994 1359 2038 secundum
1382 2010 1556 2039 carnem
1578 1994 1694 2040 viva-

314 2083 335 2103 »
355 2079 463 2108 mus.
499 2063 543 2107 Si
561 2062 675 2107 enim
703 2062 941 2108 secundum
971 2080 1143 2107 carnem
1170 2063 1356 2108 vixeritis
1375 2100 1384 2118 ‚
1412 2063 1656 2108 moriemini
1680 2081 1690 2108 ε

316 2132 388 2177 »si
421 2143 566 2177 autem
599 2132 756 2195 spiritu
792 2132 907 2177 facta
943 2133 1083 2177 carnis
1109 2133 1495 2189 mortificaveritis,
1520 2133 1686 2180 vivetis.

315 2224 336 2244 >2
358 2203 589 2265 Quotquot
607 2203 719 2248 enim
738 2203 906 2266 Spiritu
926 2203 1003 2247 Dei
1025 2215 1228 2262 aguntur,
1251 2203 1300 2248 bi
1321 2203 1513 2248 filiisunt
1534 2204 1649 2249 Deiss.
1674 2224 1693 2245 ›>

313 2272 366 2316 ld
386 2289 485 2331 ergo
509 2289 627 2317 nunc
656 2273 814 2332 agitur,
843 2271 1040 2335 quandiu
1065 2283 1126 2317 est
1148 2273 1338 2318 mortalis
1359 2273 1457 2318 haec
1484 2268 1572 2318 vita
1589 2290 1693 2319 nos-

313 2352 378 2387 tra
418 2342 500 2387 sub
540 2342 698 2401 gratia,
743 2359 795 2387 ne
833 2353 1064 2405 peccatum
1083 2380 1093 2397 ‚
1134 2343 1178 2387 id
1213 2353 1275 2387 est
1292 2380 1303 2398 ‚
1340 2343 1694 2406 concupiscentia

312 2413 484 2475 peccati
509 2413 652 2475 (hanc
675 2413 790 2458 enim
811 2413 898 2458 hoc
924 2414 1020 2458 loco
1051 2414 1222 2476 peccati
1244 2413 1419 2457 nomine
1443 2412 1688 2476 appellat),

315 2492 462 2541 regnet
496 2481 541 2527 in
568 2493 715 2527 nostro
747 2482 920 2527 mortali
952 2499 1148 2545 corpore.
1187 2484 1314 2527 Tunc
1345 2492 1488 2527 autem
1517 2498 1692 2542 regnare

361 2570 370 2589 ¹
390 2571 482 2599 Rom.
505 2580 546 2608 xv,
572 2571 680 2600 15.—
695 2569 711 2590 2
735 2581 747 2600 1
771 2572 846 2602 Cor.
863 2581 914 2607 xv,
933 2571 986 2600 56.
1004 2588 1048 2592 —
1068 2568 1081 2591 3
1099 2573 1188 2600 Rom,
1210 2580 1242 2609 x,
1266 2572 1294 2600 3.
1313 2588 1351 2592 —-
1370 2567 1383 2590 ⁴
1403 2570 1481 2601 Psal.
1501 2580 1588 2607 var,
1613 2581 1690 2609 7.—

313 2620 327 2644 5
343 2625 435 2654 Rom.
451 2634 496 2660 vr,
519 2635 554 2653 12
585 2629 695 2660 14.—
710 2621 881 2665 61d.v111‚
908 2626 1028 2661 1213.
