<?xml version="1.0" encoding="UTF-8"?>
<!DOCTYPE html PUBLIC "-//W3C//DTD XHTML 1.0 Transitional//EN"
    "http://www.w3.org/TR/xhtml1/DTD/xhtml1-transitional.dtd">
<html xmlns="http://www.w3.org/1999/xhtml" xml:lang="en" lang="en">
 <head>
  <title>
</title>
<meta http-equiv="Content-Type" content="text/html;charset=utf-8" />
  <meta name='ocr-system' content='tesseract 3.04.00' />
  <meta name='ocr-capabilities' content='ocr_page ocr_carea ocr_par ocr_line ocrx_word'/>
</head>
<body>
  <div class='ocr_page' id='page_1' title='image "./operaomniaaccura26auguuoft/operaomniaaccura26auguuoft_0520.png"; bbox 0 0 1758 3246; ppageno 0'>
   <div class='ocr_carea' id='block_1_1' title="bbox 345 323 1326 370">
    <p class='ocr_par' dir='ltr' id='par_1_1' title="bbox 345 323 1326 370">
     <span class='ocr_line' id='line_1_1' title="bbox 345 323 1326 370; baseline -0.002 -1"><span class='ocrx_word' id='word_1_1' title='bbox 345 323 437 370; x_wconf 79' lang='lat'>500</span> <span class='ocrx_word' id='word_1_2' title='bbox 764 336 799 367; x_wconf 76' lang='lat' dir='ltr'>S.</span> <span class='ocrx_word' id='word_1_3' title='bbox 846 335 1083 368; x_wconf 73' lang='lat' dir='ltr'>Aneusrrm</span> <span class='ocrx_word' id='word_1_4' title='bbox 1119 336 1274 367; x_wconf 74' lang='lat' dir='ltr'>Episco</span> <span class='ocrx_word' id='word_1_5' title='bbox 1285 335 1326 367; x_wconf 77' lang='lat' dir='ltr'>m</span> 
     </span>
    </p>
   </div>
   <div class='ocr_carea' id='block_1_2' title="bbox 326 400 1758 2652">
    <p class='ocr_par' dir='ltr' id='par_1_2' title="bbox 326 400 1758 2652">
     <span class='ocr_line' id='line_1_2' title="bbox 344 400 1712 467; baseline 0.001 -18"><span class='ocrx_word' id='word_1_6' title='bbox 344 413 510 459; x_wconf 83' lang='lat' dir='ltr'>rantur,</span> <span class='ocrx_word' id='word_1_7' title='bbox 532 417 619 448; x_wconf 90' lang='lat' dir='ltr'>non</span> <span class='ocrx_word' id='word_1_8' title='bbox 639 400 856 447; x_wconf 89' lang='lat' dir='ltr'>invenitur</span> <span class='ocrx_word' id='word_1_9' title='bbox 879 402 974 447; x_wconf 88' lang='lat' dir='ltr'>talis</span> <span class='ocrx_word' id='word_1_10' title='bbox 994 401 1146 467; x_wconf 89' lang='lat' dir='ltr'>aliquis</span> <span class='ocrx_word' id='word_1_11' title='bbox 1165 403 1389 458; x_wconf 81' lang='lat' dir='ltr'>mentiens,</span> <span class='ocrx_word' id='word_1_12' title='bbox 1417 413 1465 449; x_wconf 87' lang='lat' dir='ltr'>ut</span> <span class='ocrx_word' id='word_1_13' title='bbox 1490 402 1543 450; x_wconf 85' lang='lat' dir='ltr'>de</span> <span class='ocrx_word' id='word_1_14' title='bbox 1561 403 1636 450; x_wconf 94' lang='lat' dir='ltr'>illo</span> <span class='ocrx_word' id='word_1_15' title='bbox 1657 403 1712 450; x_wconf 89' lang='lat' dir='ltr'>ab</span> 
     </span>
     <span class='ocr_line' id='line_1_3' title="bbox 341 472 1715 537; baseline 0.001 -19"><span class='ocrx_word' id='word_1_16' title='bbox 341 474 431 519; x_wconf 87' lang='lat' dir='ltr'>istis</span> <span class='ocrx_word' id='word_1_17' title='bbox 446 473 498 520; x_wconf 87' lang='lat' dir='ltr'>ad</span> <span class='ocrx_word' id='word_1_18' title='bbox 514 472 747 520; x_wconf 87' lang='lat' dir='ltr'>mentiendi</span> <span class='ocrx_word' id='word_1_19' title='bbox 764 473 980 519; x_wconf 79' lang='lat' dir='ltr'>licentiam</span> <span class='ocrx_word' id='word_1_20' title='bbox 1000 485 1273 537; x_wconf 82' lang='lat' dir='ltr'>proponatur</span> <span class='ocrx_word' id='word_1_21' title='bbox 1290 474 1546 537; x_wconf 85' lang='lat' dir='ltr'>exemplum.</span> <span class='ocrx_word' id='word_1_22' title='bbox 1571 475 1715 531; x_wconf 89' lang='lat' dir='ltr'>Quan-</span> 
     </span>
     <span class='ocr_line' id='line_1_4' title="bbox 342 543 1711 609; baseline 0 -19"><span class='ocrx_word' id='word_1_23' title='bbox 342 544 574 609; x_wconf 85' lang='lat' dir='ltr'>doquidem</span> <span class='ocrx_word' id='word_1_24' title='bbox 599 543 672 591; x_wconf 84' lang='lat' dir='ltr'>illa</span> <span class='ocrx_word' id='word_1_25' title='bbox 695 544 812 590; x_wconf 85' lang='lat' dir='ltr'>Petri</span> <span class='ocrx_word' id='word_1_26' title='bbox 839 554 879 589; x_wconf 86' lang='lat' dir='ltr'>et</span> <span class='ocrx_word' id='word_1_27' title='bbox 906 544 1122 589; x_wconf 82' lang='lat' dir='ltr'>Barnabae</span> <span class='ocrx_word' id='word_1_28' title='bbox 1140 544 1354 591; x_wconf 72' lang='lat' dir='ltr'>simulatio</span> <span class='ocrx_word' id='word_1_29' title='bbox 1372 562 1457 608; x_wconf 89' lang='lat' dir='ltr'>qua</span> <span class='ocrx_word' id='word_1_30' title='bbox 1481 556 1624 604; x_wconf 77' lang='lat' dir='ltr'><strong>gentes</strong></span> <span class='ocrx_word' id='word_1_31' title='bbox 1638 548 1711 604; x_wconf 82' lang='lat' dir='ltr'>ju-</span> 
     </span>
     <span class='ocr_line' id='line_1_5' title="bbox 341 614 1708 679; baseline 0 -19"><span class='ocrx_word' id='word_1_32' title='bbox 341 615 508 661; x_wconf 81' lang='lat' dir='ltr'>daizare</span> <span class='ocrx_word' id='word_1_33' title='bbox 530 615 759 676; x_wconf 83' lang='lat' dir='ltr'><strong>cogebant,</strong></span> <span class='ocrx_word' id='word_1_34' title='bbox 795 615 949 660; x_wconf 86' lang='lat' dir='ltr'>merito</span> <span class='ocrx_word' id='word_1_35' title='bbox 975 614 1234 678; x_wconf 85' lang='lat' dir='ltr'>reprehensa</span> <span class='ocrx_word' id='word_1_36' title='bbox 1258 626 1384 679; x_wconf 82' lang='lat' dir='ltr'>atque</span> <span class='ocrx_word' id='word_1_37' title='bbox 1413 625 1605 661; x_wconf 86' lang='lat' dir='ltr'>correcta</span> <span class='ocrx_word' id='word_1_38' title='bbox 1630 625 1708 670; x_wconf 87' lang='lat' dir='ltr'>est,</span> 
     </span>
     <span class='ocr_line' id='line_1_6' title="bbox 339 684 1706 748; baseline 0.001 -18"><span class='ocrx_word' id='word_1_39' title='bbox 339 696 381 730; x_wconf 88' lang='lat' dir='ltr'>et</span> <span class='ocrx_word' id='word_1_40' title='bbox 403 703 456 731; x_wconf 89' lang='lat' dir='ltr'>ne</span> <span class='ocrx_word' id='word_1_41' title='bbox 476 696 581 732; x_wconf 88' lang='lat' dir='ltr'>tunc</span> <span class='ocrx_word' id='word_1_42' title='bbox 603 695 793 741; x_wconf 82' lang='lat' dir='ltr'>noceret,</span> <span class='ocrx_word' id='word_1_43' title='bbox 821 696 862 731; x_wconf 87' lang='lat' dir='ltr'>et</span> <span class='ocrx_word' id='word_1_44' title='bbox 891 702 944 730; x_wconf 88' lang='lat' dir='ltr'>ne</span> <span class='ocrx_word' id='word_1_45' title='bbox 971 685 1152 748; x_wconf 78' lang='lat' dir='ltr'>posteris</span> <span class='ocrx_word' id='word_1_46' title='bbox 1177 684 1231 730; x_wconf 86' lang='lat' dir='ltr'>ad</span> <span class='ocrx_word' id='word_1_47' title='bbox 1254 685 1514 731; x_wconf 85' lang='lat' dir='ltr'>imitandum</span> <span class='ocrx_word' id='word_1_48' title='bbox 1532 684 1706 732; x_wconf 87' lang='lat' dir='ltr'>valeret.</span> 
     </span>
     <span class='ocr_line' id='line_1_7' title="bbox 341 755 1712 819; baseline 0.001 -19"><span class='ocrx_word' id='word_1_49' title='bbox 341 755 453 802; x_wconf 90' lang='lat' dir='ltr'>Cum</span> <span class='ocrx_word' id='word_1_50' title='bbox 477 756 589 802; x_wconf 91' lang='lat' dir='ltr'>enim</span> <span class='ocrx_word' id='word_1_51' title='bbox 616 755 792 802; x_wconf 87' lang='lat' dir='ltr'>vidisset</span> <span class='ocrx_word' id='word_1_52' title='bbox 824 755 1041 819; x_wconf 87' lang='lat' dir='ltr'>apostolus</span> <span class='ocrx_word' id='word_1_53' title='bbox 1074 755 1235 802; x_wconf 83' lang='lat' dir='ltr'>Paulus</span> <span class='ocrx_word' id='word_1_54' title='bbox 1262 757 1364 819; x_wconf 91' lang='lat' dir='ltr'>quia</span> <span class='ocrx_word' id='word_1_55' title='bbox 1386 773 1474 802; x_wconf 89' lang='lat' dir='ltr'>non</span> <span class='ocrx_word' id='word_1_56' title='bbox 1500 767 1613 801; x_wconf 83' lang='lat' dir='ltr'>recte</span> <span class='ocrx_word' id='word_1_57' title='bbox 1640 756 1712 801; x_wconf 90' lang='lat' dir='ltr'>in-</span> 
     </span>
     <span class='ocr_line' id='line_1_8' title="bbox 339 826 1712 886; baseline 0 -14"><span class='ocrx_word' id='word_1_58' title='bbox 339 826 595 885; x_wconf 88' lang='lat' dir='ltr'>grediuntur</span> <span class='ocrx_word' id='word_1_59' title='bbox 630 826 684 873; x_wconf 90' lang='lat' dir='ltr'>ad</span> <span class='ocrx_word' id='word_1_60' title='bbox 716 827 941 874; x_wconf 85' lang='lat' dir='ltr'>veritatem</span> <span class='ocrx_word' id='word_1_61' title='bbox 978 826 1221 886; x_wconf 78' lang='lat' dir='ltr'>Evangelii,</span> <span class='ocrx_word' id='word_1_62' title='bbox 1258 827 1365 873; x_wconf 83' lang='lat' dir='ltr'>dixit</span> <span class='ocrx_word' id='word_1_63' title='bbox 1403 828 1532 872; x_wconf 88' lang='lat' dir='ltr'>Petro</span> <span class='ocrx_word' id='word_1_64' title='bbox 1567 844 1712 872; x_wconf 85' lang='lat' dir='ltr'>coram</span> 
     </span>
     <span class='ocr_line' id='line_1_9' title="bbox 339 897 1713 958; baseline 0.001 -16"><span class='ocrx_word' id='word_1_65' title='bbox 339 898 542 943; x_wconf 88' lang='lat' dir='ltr'>omnibus</span> <span class='ocrx_word' id='word_1_66' title='bbox 560 915 571 942; x_wconf 89' lang='lat'>:</span> <span class='ocrx_word' id='word_1_67' title='bbox 589 919 608 939; x_wconf 78' lang='grc' dir='ltr'>α</span> <span class='ocrx_word' id='word_1_68' title='bbox 626 898 671 944; x_wconf 86' lang='lat' dir='ltr'>Si</span> <span class='ocrx_word' id='word_1_69' title='bbox 685 908 751 953; x_wconf 89' lang='lat' dir='ltr'>tu,</span> <span class='ocrx_word' id='word_1_70' title='bbox 766 914 865 943; x_wconf 91' lang='lat' dir='ltr'>cum</span> <span class='ocrx_word' id='word_1_71' title='bbox 882 897 936 943; x_wconf 90' lang='lat' dir='ltr'>sis</span> <span class='ocrx_word' id='word_1_72' title='bbox 948 901 968 943; x_wconf 90' lang='lat' dir='ltr'>J</span> <span class='ocrx_word' id='word_1_73' title='bbox 975 897 1141 954; x_wconf 80' lang='lat' dir='ltr'>udaeus,</span> <span class='ocrx_word' id='word_1_74' title='bbox 1159 898 1371 958; x_wconf 80' lang='lat' dir='ltr'>gentiliter</span> <span class='ocrx_word' id='word_1_75' title='bbox 1384 908 1426 943; x_wconf 90' lang='lat' dir='ltr'>et</span> <span class='ocrx_word' id='word_1_76' title='bbox 1441 915 1527 942; x_wconf 93' lang='lat' dir='ltr'>non</span> <span class='ocrx_word' id='word_1_77' title='bbox 1537 897 1713 956; x_wconf 81' lang='lat' dir='ltr'>judaice</span> 
     </span>
     <span class='ocr_line' id='line_1_10' title="bbox 339 967 1710 1032; baseline 0.001 -20"><span class='ocrx_word' id='word_1_78' title='bbox 339 988 360 1008; x_wconf 72' lang='lat'>2&gt;</span> <span class='ocrx_word' id='word_1_79' title='bbox 380 968 506 1023; x_wconf 88' lang='lat' dir='ltr'>vivis,</span> <span class='ocrx_word' id='word_1_80' title='bbox 540 968 761 1032; x_wconf 91' lang='lat' dir='ltr'>quomodo</span> <span class='ocrx_word' id='word_1_81' title='bbox 799 978 943 1028; x_wconf 84' lang='lat' dir='ltr'>gentes</span> <span class='ocrx_word' id='word_1_82' title='bbox 979 969 1094 1029; x_wconf 84' lang='lat' dir='ltr'>cogis</span> <span class='ocrx_word' id='word_1_83' title='bbox 1123 968 1405 1029; x_wconf 66' lang='lat' dir='ltr'>judaizare1&#39;1&gt;</span> <span class='ocrx_word' id='word_1_84' title='bbox 1439 990 1460 1010; x_wconf 66' lang='lat'>&gt;³</span> <span class='ocrx_word' id='word_1_85' title='bbox 1489 967 1538 1013; x_wconf 86' lang='lat' dir='ltr'>ld</span> <span class='ocrx_word' id='word_1_86' title='bbox 1570 978 1710 1013; x_wconf 90' lang='lat' dir='ltr'>autem</span> 
     </span>
     <span class='ocr_line' id='line_1_11' title="bbox 337 1037 1713 1101; baseline 0 -18"><span class='ocrx_word' id='word_1_87' title='bbox 337 1037 457 1100; x_wconf 90' lang='lat' dir='ltr'>quod</span> <span class='ocrx_word' id='word_1_88' title='bbox 486 1038 577 1101; x_wconf 87' lang='lat' dir='ltr'>ipse</span> <span class='ocrx_word' id='word_1_89' title='bbox 598 1037 717 1094; x_wconf 88' lang='lat' dir='ltr'>fecit,</span> <span class='ocrx_word' id='word_1_90' title='bbox 750 1049 798 1084; x_wconf 93' lang='lat' dir='ltr'>ut</span> <span class='ocrx_word' id='word_1_91' title='bbox 822 1038 1033 1101; x_wconf 89' lang='lat' dir='ltr'>quasdam</span> <span class='ocrx_word' id='word_1_92' title='bbox 1069 1039 1386 1085; x_wconf 86' lang='lat' dir='ltr'>observationes</span> <span class='ocrx_word' id='word_1_93' title='bbox 1410 1038 1616 1099; x_wconf 85' lang='lat' dir='ltr'>legitimas</span> <span class='ocrx_word' id='word_1_94' title='bbox 1635 1041 1713 1097; x_wconf 86' lang='lat' dir='ltr'>ju-</span> 
     </span>
     <span class='ocr_line' id='line_1_12' title="bbox 336 1107 1710 1169; baseline 0.001 -17"><span class='ocrx_word' id='word_1_95' title='bbox 336 1108 460 1154; x_wconf 74' lang='lat' dir='ltr'>daica</span> <span class='ocrx_word' id='word_1_96' title='bbox 485 1107 795 1153; x_wconf 89' lang='lat' dir='ltr'>consuetudine</span> <span class='ocrx_word' id='word_1_97' title='bbox 818 1109 1042 1154; x_wconf 89' lang='lat' dir='ltr'>retinendo</span> <span class='ocrx_word' id='word_1_98' title='bbox 1066 1120 1107 1154; x_wconf 88' lang='lat' dir='ltr'>et</span> <span class='ocrx_word' id='word_1_99' title='bbox 1131 1109 1294 1169; x_wconf 89' lang='lat' dir='ltr'>agendo</span> <span class='ocrx_word' id='word_1_100' title='bbox 1317 1126 1405 1154; x_wconf 93' lang='lat' dir='ltr'>non</span> <span class='ocrx_word' id='word_1_101' title='bbox 1424 1125 1466 1154; x_wconf 89' lang='lat' dir='ltr'>se</span> <span class='ocrx_word' id='word_1_102' title='bbox 1484 1108 1710 1154; x_wconf 88' lang='lat' dir='ltr'>inimicum</span> 
     </span>
     <span class='ocr_line' id='line_1_13' title="bbox 335 1178 1711 1241; baseline 0 -18"><span class='ocrx_word' id='word_1_103' title='bbox 335 1179 438 1238; x_wconf 84' lang='lat' dir='ltr'>Legi</span> <span class='ocrx_word' id='word_1_104' title='bbox 466 1178 784 1241; x_wconf 86' lang='lat' dir='ltr'>Prophetisque</span> <span class='ocrx_word' id='word_1_105' title='bbox 808 1189 1088 1234; x_wconf 85' lang='lat' dir='ltr'>monstraret,</span> <span class='ocrx_word' id='word_1_106' title='bbox 1117 1179 1232 1224; x_wconf 87' lang='lat' dir='ltr'>absit</span> <span class='ocrx_word' id='word_1_107' title='bbox 1256 1191 1304 1225; x_wconf 84' lang='lat' dir='ltr'>ut</span> <span class='ocrx_word' id='word_1_108' title='bbox 1327 1179 1593 1225; x_wconf 83' lang='lat' dir='ltr'>mendaciter</span> <span class='ocrx_word' id='word_1_109' title='bbox 1614 1195 1711 1224; x_wconf 90' lang='lat' dir='ltr'>eum</span> 
     </span>
     <span class='ocr_line' id='line_1_14' title="bbox 333 1247 1712 1312; baseline -0.001 -19"><span class='ocrx_word' id='word_1_110' title='bbox 333 1247 480 1294; x_wconf 80' lang='lat' dir='ltr'>fecisse</span> <span class='ocrx_word' id='word_1_111' title='bbox 498 1248 736 1296; x_wconf 82' lang='lat' dir='ltr'>credamus.</span> <span class='ocrx_word' id='word_1_112' title='bbox 758 1250 821 1294; x_wconf 92' lang='lat' dir='ltr'>De</span> <span class='ocrx_word' id='word_1_113' title='bbox 841 1249 926 1294; x_wconf 84' lang='lat' dir='ltr'>hae</span> <span class='ocrx_word' id='word_1_114' title='bbox 947 1249 1115 1312; x_wconf 85' lang='lat' dir='ltr'>quippe</span> <span class='ocrx_word' id='word_1_115' title='bbox 1135 1265 1179 1294; x_wconf 92' lang='lat' dir='ltr'>re</span> <span class='ocrx_word' id='word_1_116' title='bbox 1198 1249 1297 1294; x_wconf 86' lang='lat' dir='ltr'>satis</span> <span class='ocrx_word' id='word_1_117' title='bbox 1316 1259 1377 1293; x_wconf 90' lang='lat' dir='ltr'>est</span> <span class='ocrx_word' id='word_1_118' title='bbox 1394 1253 1484 1307; x_wconf 88' lang='lat' dir='ltr'>ejus</span> <span class='ocrx_word' id='word_1_119' title='bbox 1503 1259 1602 1293; x_wconf 86' lang='lat' dir='ltr'>nota</span> <span class='ocrx_word' id='word_1_120' title='bbox 1620 1266 1712 1293; x_wconf 85' lang='lat' dir='ltr'>sen-</span> 
     </span>
     <span class='ocr_line' id='line_1_15' title="bbox 336 1318 1710 1382; baseline -0.001 -19"><span class='ocrx_word' id='word_1_121' title='bbox 336 1319 487 1375; x_wconf 82' lang='lat' dir='ltr'>tentia,</span> <span class='ocrx_word' id='word_1_122' title='bbox 511 1336 597 1382; x_wconf 90' lang='lat' dir='ltr'>qua</span> <span class='ocrx_word' id='word_1_123' title='bbox 625 1319 764 1365; x_wconf 87' lang='lat' dir='ltr'>fuerat</span> <span class='ocrx_word' id='word_1_124' title='bbox 787 1321 1091 1376; x_wconf 87' lang='lat' dir='ltr'>constitutum,</span> <span class='ocrx_word' id='word_1_125' title='bbox 1126 1336 1204 1365; x_wconf 91' lang='lat' dir='ltr'>nec</span> <span class='ocrx_word' id='word_1_126' title='bbox 1231 1319 1410 1364; x_wconf 80' lang='lat' dir='ltr'>Judaeos</span> <span class='ocrx_word' id='word_1_127' title='bbox 1432 1318 1509 1382; x_wconf 86' lang='lat' dir='ltr'>qui</span> <span class='ocrx_word' id='word_1_128' title='bbox 1537 1328 1643 1363; x_wconf 86' lang='lat' dir='ltr'>tunc</span> <span class='ocrx_word' id='word_1_129' title='bbox 1666 1319 1710 1363; x_wconf 87' lang='grc'>111</span> 
     </span>
     <span class='ocr_line' id='line_1_16' title="bbox 338 1388 1710 1453; baseline 0.001 -20"><span class='ocrx_word' id='word_1_130' title='bbox 338 1389 563 1435; x_wconf 81' lang='lat' dir='ltr'>Christum</span> <span class='ocrx_word' id='word_1_131' title='bbox 591 1389 828 1436; x_wconf 84' lang='lat' dir='ltr'>credebant</span> <span class='ocrx_word' id='word_1_132' title='bbox 856 1390 1158 1453; x_wconf 85' lang='lat' dir='ltr'>prohibendos</span> <span class='ocrx_word' id='word_1_133' title='bbox 1192 1407 1278 1435; x_wconf 90' lang='lat' dir='ltr'>esse</span> <span class='ocrx_word' id='word_1_134' title='bbox 1301 1407 1324 1435; x_wconf 87' lang='lat' dir='ltr'>a</span> <span class='ocrx_word' id='word_1_135' title='bbox 1348 1389 1537 1453; x_wconf 85' lang='lat' dir='ltr'>paternis</span> <span class='ocrx_word' id='word_1_136' title='bbox 1570 1388 1710 1434; x_wconf 89' lang='lat' dir='ltr'>tradi-</span> 
     </span>
     <span class='ocr_line' id='line_1_17' title="bbox 336 1459 1710 1520; baseline 0 -16"><span class='ocrx_word' id='word_1_137' title='bbox 336 1460 547 1514; x_wconf 81' lang='lat' dir='ltr'>tionibus,</span> <span class='ocrx_word' id='word_1_138' title='bbox 575 1477 655 1506; x_wconf 84' lang='lat' dir='ltr'>nec</span> <span class='ocrx_word' id='word_1_139' title='bbox 678 1459 727 1505; x_wconf 87' lang='lat' dir='ltr'>ad</span> <span class='ocrx_word' id='word_1_140' title='bbox 756 1478 823 1506; x_wconf 87' lang='lat' dir='ltr'>eas</span> <span class='ocrx_word' id='word_1_141' title='bbox 849 1460 1024 1520; x_wconf 85' lang='lat' dir='ltr'>gentiles</span> <span class='ocrx_word' id='word_1_142' title='bbox 1053 1477 1153 1506; x_wconf 89' lang='lat' dir='ltr'>cum</span> <span class='ocrx_word' id='word_1_143' title='bbox 1183 1460 1419 1506; x_wconf 77' lang='lat' dir='ltr'>Christiani</span> <span class='ocrx_word' id='word_1_144' title='bbox 1451 1460 1600 1504; x_wconf 86' lang='lat' dir='ltr'>fierent</span> <span class='ocrx_word' id='word_1_145' title='bbox 1625 1477 1710 1504; x_wconf 86' lang='lat' dir='ltr'>esse</span> 
     </span>
     <span class='ocr_line' id='line_1_18' title="bbox 336 1529 1710 1596; baseline 0 -21"><span class='ocrx_word' id='word_1_146' title='bbox 336 1529 551 1590; x_wconf 85' lang='lat' dir='ltr'>cogendos</span> <span class='ocrx_word' id='word_1_147' title='bbox 571 1548 582 1575; x_wconf 73' lang='grc' dir='ltr'>ι</span> <span class='ocrx_word' id='word_1_148' title='bbox 605 1540 653 1576; x_wconf 87' lang='lat' dir='ltr'>ut</span> <span class='ocrx_word' id='word_1_149' title='bbox 668 1530 742 1576; x_wconf 86' lang='lat' dir='ltr'>illa</span> <span class='ocrx_word' id='word_1_150' title='bbox 759 1542 1024 1577; x_wconf 86' lang='lat' dir='ltr'>sacramenta</span> <span class='ocrx_word' id='word_1_151' title='bbox 1048 1548 1148 1596; x_wconf 83' lang='lat' dir='ltr'>quae</span> <span class='ocrx_word' id='word_1_152' title='bbox 1163 1531 1371 1577; x_wconf 75' lang='lat' dir='ltr'>divinitus</span> <span class='ocrx_word' id='word_1_153' title='bbox 1389 1541 1610 1596; x_wconf 80' lang='lat' dir='ltr'>praecepta</span> <span class='ocrx_word' id='word_1_154' title='bbox 1625 1547 1710 1575; x_wconf 88' lang='lat' dir='ltr'>esse</span> 
     </span>
     <span class='ocr_line' id='line_1_19' title="bbox 335 1600 1709 1664; baseline -0.001 -18"><span class='ocrx_word' id='word_1_155' title='bbox 335 1611 566 1657; x_wconf 86' lang='lat' dir='ltr'>constaret,</span> <span class='ocrx_word' id='word_1_156' title='bbox 589 1618 678 1646; x_wconf 92' lang='lat' dir='ltr'>non</span> <span class='ocrx_word' id='word_1_157' title='bbox 701 1611 908 1664; x_wconf 81' lang='lat' dir='ltr'>tanquam</span> <span class='ocrx_word' id='word_1_158' title='bbox 930 1602 1147 1662; x_wconf 86' lang='lat' dir='ltr'>sacrilegia</span> <span class='ocrx_word' id='word_1_159' title='bbox 1168 1600 1440 1661; x_wconf 77' lang='lat' dir='ltr'>fugerentur3</span> <span class='ocrx_word' id='word_1_160' title='bbox 1464 1617 1542 1646; x_wconf 90' lang='lat' dir='ltr'>nec</span> <span class='ocrx_word' id='word_1_161' title='bbox 1566 1611 1709 1646; x_wconf 86' lang='lat' dir='ltr'>tamen</span> 
     </span>
     <span class='ocr_line' id='line_1_20' title="bbox 333 1671 1704 1734; baseline 0 -17"><span class='ocrx_word' id='word_1_162' title='bbox 333 1682 593 1734; x_wconf 86' lang='lat' dir='ltr'>putarentur</span> <span class='ocrx_word' id='word_1_163' title='bbox 612 1672 672 1717; x_wconf 88' lang='lat' dir='ltr'>sic</span> <span class='ocrx_word' id='word_1_164' title='bbox 692 1673 923 1718; x_wconf 87' lang='lat' dir='ltr'>necessaria</span> <span class='ocrx_word' id='word_1_165' title='bbox 938 1677 1029 1734; x_wconf 86' lang='lat' dir='ltr'>jam</span> <span class='ocrx_word' id='word_1_166' title='bbox 1055 1674 1178 1718; x_wconf 90' lang='lat' dir='ltr'>Novo</span> <span class='ocrx_word' id='word_1_167' title='bbox 1203 1674 1237 1717; x_wconf 92' lang='lat' dir='ltr'>T</span> <span class='ocrx_word' id='word_1_168' title='bbox 1242 1682 1479 1718; x_wconf 88' lang='lat' dir='ltr'>estamento</span> <span class='ocrx_word' id='word_1_169' title='bbox 1499 1671 1704 1729; x_wconf 86' lang='lat' dir='ltr'>revelato,</span> 
     </span>
     <span class='ocr_line' id='line_1_21' title="bbox 333 1742 1707 1807; baseline 0.001 -20"><span class='ocrx_word' id='word_1_170' title='bbox 333 1752 540 1806; x_wconf 81' lang='lat' dir='ltr'>tanquam</span> <span class='ocrx_word' id='word_1_171' title='bbox 553 1743 641 1789; x_wconf 89' lang='lat' dir='ltr'>sine</span> <span class='ocrx_word' id='word_1_172' title='bbox 654 1743 703 1788; x_wconf 91' lang='lat' dir='ltr'>iis</span> <span class='ocrx_word' id='word_1_173' title='bbox 718 1744 984 1807; x_wconf 89' lang='lat' dir='ltr'>quicumque</span> <span class='ocrx_word' id='word_1_174' title='bbox 1002 1754 1355 1790; x_wconf 74' lang='lat' dir='ltr'>converterentur</span> <span class='ocrx_word' id='word_1_175' title='bbox 1374 1742 1428 1788; x_wconf 88' lang='lat' dir='ltr'>ad</span> <span class='ocrx_word' id='word_1_176' title='bbox 1451 1744 1585 1788; x_wconf 91' lang='lat' dir='ltr'>Deum</span> <span class='ocrx_word' id='word_1_177' title='bbox 1603 1742 1707 1789; x_wconf 78' lang='lat' dir='ltr'>salvi</span> 
     </span>
     <span class='ocr_line' id='line_1_22' title="bbox 334 1813 1707 1878; baseline 0 -20"><span class='ocrx_word' id='word_1_178' title='bbox 334 1829 420 1858; x_wconf 83' lang='lat' dir='ltr'>esse</span> <span class='ocrx_word' id='word_1_179' title='bbox 447 1830 532 1859; x_wconf 90' lang='lat' dir='ltr'>non</span> <span class='ocrx_word' id='word_1_180' title='bbox 562 1824 751 1877; x_wconf 90' lang='lat' dir='ltr'>possent.</span> <span class='ocrx_word' id='word_1_181' title='bbox 794 1815 929 1860; x_wconf 85' lang='lat' dir='ltr'>Erant</span> <span class='ocrx_word' id='word_1_182' title='bbox 959 1815 1074 1860; x_wconf 88' lang='lat' dir='ltr'>enim</span> <span class='ocrx_word' id='word_1_183' title='bbox 1107 1815 1182 1878; x_wconf 88' lang='lat' dir='ltr'>qui</span> <span class='ocrx_word' id='word_1_184' title='bbox 1214 1814 1300 1859; x_wconf 90' lang='lat' dir='ltr'>hoc</span> <span class='ocrx_word' id='word_1_185' title='bbox 1330 1813 1545 1877; x_wconf 86' lang='lat' dir='ltr'>putabant</span> <span class='ocrx_word' id='word_1_186' title='bbox 1579 1822 1707 1876; x_wconf 88' lang='lat' dir='ltr'>atque</span> 
     </span>
     <span class='ocr_line' id='line_1_23' title="bbox 333 1883 1703 1948; baseline 0 -20"><span class='ocrx_word' id='word_1_187' title='bbox 333 1883 655 1946; x_wconf 58' lang='lat' dir='ltr'>praedicabant,</span> <span class='ocrx_word' id='word_1_188' title='bbox 686 1885 886 1948; x_wconf 87' lang='lat' dir='ltr'>quamvis</span> <span class='ocrx_word' id='word_1_189' title='bbox 916 1888 1007 1944; x_wconf 81' lang='lat' dir='ltr'>jam</span> <span class='ocrx_word' id='word_1_190' title='bbox 1037 1896 1212 1948; x_wconf 86' lang='lat' dir='ltr'>recepto</span> <span class='ocrx_word' id='word_1_191' title='bbox 1249 1883 1415 1929; x_wconf 86' lang='lat' dir='ltr'>Christi</span> <span class='ocrx_word' id='word_1_192' title='bbox 1448 1883 1703 1943; x_wconf 82' lang='lat' dir='ltr'>Evangeli03</span> 
     </span>
     <span class='ocr_line' id='line_1_24' title="bbox 332 1952 1757 2016; baseline 0 -19"><span class='ocrx_word' id='word_1_193' title='bbox 332 1963 374 1996; x_wconf 86' lang='lat' dir='ltr'>et</span> <span class='ocrx_word' id='word_1_194' title='bbox 397 1953 454 1998; x_wconf 90' lang='lat' dir='ltr'>eis</span> <span class='ocrx_word' id='word_1_195' title='bbox 480 1953 677 1998; x_wconf 88' lang='lat' dir='ltr'>simulate</span> <span class='ocrx_word' id='word_1_196' title='bbox 695 1965 995 1998; x_wconf 86' lang='lat' dir='ltr'>consenserant</span> <span class='ocrx_word' id='word_1_197' title='bbox 1018 1955 1172 1999; x_wconf 88' lang='lat' dir='ltr'>Petrus</span> <span class='ocrx_word' id='word_1_198' title='bbox 1197 1965 1239 1998; x_wconf 82' lang='lat' dir='ltr'>et</span> <span class='ocrx_word' id='word_1_199' title='bbox 1265 1953 1498 2008; x_wconf 76' lang='lat' dir='ltr'>Barnabas,</span> <span class='ocrx_word' id='word_1_200' title='bbox 1524 1952 1707 2016; x_wconf 85' lang='lat' dir='ltr'>ideoque</span> <span class='ocrx_word' id='word_1_201' title='bbox 1756 1957 1757 1963; x_wconf 76' lang='grc'>’</span> 
     </span>
     <span class='ocr_line' id='line_1_25' title="bbox 332 2022 1758 2086; baseline 0.001 -19"><span class='ocrx_word' id='word_1_202' title='bbox 332 2022 546 2081; x_wconf 82' lang='lat' dir='ltr'>cogebant</span> <span class='ocrx_word' id='word_1_203' title='bbox 577 2032 719 2082; x_wconf 87' lang='lat' dir='ltr'>gentes</span> <span class='ocrx_word' id='word_1_204' title='bbox 740 2022 976 2082; x_wconf 66' lang='lat' dir='ltr'>judaizare.</span> <span class='ocrx_word' id='word_1_205' title='bbox 1014 2023 1064 2068; x_wconf 90' lang='lat' dir='ltr'>Id</span> <span class='ocrx_word' id='word_1_206' title='bbox 1100 2034 1191 2069; x_wconf 88' lang='lat' dir='ltr'>erat</span> <span class='ocrx_word' id='word_1_207' title='bbox 1221 2024 1333 2069; x_wconf 89' lang='lat' dir='ltr'>enim</span> <span class='ocrx_word' id='word_1_208' title='bbox 1359 2040 1509 2083; x_wconf 89' lang='lat' dir='ltr'>cogere</span> <span class='ocrx_word' id='word_1_209' title='bbox 1528 2060 1538 2077; x_wconf 88' lang='lat'>,</span> <span class='ocrx_word' id='word_1_210' title='bbox 1570 2024 1630 2068; x_wconf 89' lang='lat' dir='ltr'>sic</span> <span class='ocrx_word' id='word_1_211' title='bbox 1658 2040 1706 2069; x_wconf 88' lang='lat' dir='ltr'>ea</span> <span class='ocrx_word' id='word_1_212' title='bbox 1756 2061 1758 2086; x_wconf 63' lang='lat'><em>3</em></span> 
     </span>
     <span class='ocr_line' id='line_1_26' title="bbox 329 2092 1758 2161; baseline 0.003 -25"><span class='ocrx_word' id='word_1_213' title='bbox 329 2094 564 2138; x_wconf 83' lang='lat' dir='ltr'>necessaria</span> <span class='ocrx_word' id='word_1_214' title='bbox 588 2092 828 2156; x_wconf 83' lang='lat' dir='ltr'>praedicare</span> <span class='ocrx_word' id='word_1_215' title='bbox 851 2104 1057 2158; x_wconf 88' lang='lat' dir='ltr'>tanquam</span> <span class='ocrx_word' id='word_1_216' title='bbox 1081 2105 1123 2140; x_wconf 89' lang='lat' dir='ltr'>et</span> <span class='ocrx_word' id='word_1_217' title='bbox 1142 2106 1316 2158; x_wconf 87' lang='lat' dir='ltr'>recepto</span> <span class='ocrx_word' id='word_1_218' title='bbox 1336 2094 1568 2154; x_wconf 84' lang='lat' dir='ltr'>Evangelio</span> <span class='ocrx_word' id='word_1_219' title='bbox 1586 2094 1705 2140; x_wconf 83' lang='lat' dir='ltr'>nulla</span> <span class='ocrx_word' id='word_1_220' title='bbox 1755 2113 1758 2161; x_wconf 68' lang='lat'>3</span> 
     </span>
     <span class='ocr_line' id='line_1_27' title="bbox 330 2163 1704 2228; baseline 0.002 -21"><span class='ocrx_word' id='word_1_221' title='bbox 330 2164 419 2207; x_wconf 89' lang='lat' dir='ltr'>sine</span> <span class='ocrx_word' id='word_1_222' title='bbox 447 2163 529 2208; x_wconf 88' lang='lat' dir='ltr'>illis</span> <span class='ocrx_word' id='word_1_223' title='bbox 559 2163 671 2209; x_wconf 92' lang='lat' dir='ltr'>salus</span> <span class='ocrx_word' id='word_1_224' title='bbox 700 2175 805 2210; x_wconf 86' lang='lat' dir='ltr'>esset</span> <span class='ocrx_word' id='word_1_225' title='bbox 837 2165 883 2211; x_wconf 88' lang='lat' dir='ltr'>in</span> <span class='ocrx_word' id='word_1_226' title='bbox 917 2165 1106 2213; x_wconf 84' lang='lat' dir='ltr'>Christo.</span> <span class='ocrx_word' id='word_1_227' title='bbox 1143 2167 1237 2211; x_wconf 91' lang='lat' dir='ltr'>Hoc</span> <span class='ocrx_word' id='word_1_228' title='bbox 1266 2182 1386 2211; x_wconf 87' lang='lat' dir='ltr'>error</span> <span class='ocrx_word' id='word_1_229' title='bbox 1413 2164 1704 2228; x_wconf 86' lang='lat' dir='ltr'>quorumdam</span> 
     </span>
     <span class='ocr_line' id='line_1_28' title="bbox 328 2233 1705 2297; baseline 0.001 -19"><span class='ocrx_word' id='word_1_230' title='bbox 328 2233 533 2297; x_wconf 87' lang='lat' dir='ltr'>putabat,</span> <span class='ocrx_word' id='word_1_231' title='bbox 561 2234 648 2280; x_wconf 90' lang='lat' dir='ltr'>hoc</span> <span class='ocrx_word' id='word_1_232' title='bbox 677 2235 807 2280; x_wconf 88' lang='lat' dir='ltr'>timor</span> <span class='ocrx_word' id='word_1_233' title='bbox 840 2237 958 2282; x_wconf 85' lang='lat' dir='ltr'>Petri</span> <span class='ocrx_word' id='word_1_234' title='bbox 988 2236 1239 2292; x_wconf 88' lang='lat' dir='ltr'>simulabat,</span> <span class='ocrx_word' id='word_1_235' title='bbox 1269 2237 1356 2281; x_wconf 89' lang='lat' dir='ltr'>hoc</span> <span class='ocrx_word' id='word_1_236' title='bbox 1384 2236 1560 2281; x_wconf 89' lang='lat' dir='ltr'>libertas</span> <span class='ocrx_word' id='word_1_237' title='bbox 1580 2234 1705 2280; x_wconf 85' lang='lat' dir='ltr'>Pauli</span> 
     </span>
     <span class='ocr_line' id='line_1_29' title="bbox 328 2300 1756 2366; baseline 0.001 -17"><span class='ocrx_word' id='word_1_238' title='bbox 328 2303 631 2364; x_wconf 84' lang='lat' dir='ltr'>redarguebat.</span> <span class='ocrx_word' id='word_1_239' title='bbox 673 2305 805 2361; x_wconf 85' lang='lat' dir='ltr'>Quod</span> <span class='ocrx_word' id='word_1_240' title='bbox 838 2323 938 2366; x_wconf 83' lang='lat' dir='ltr'>ergo</span> <span class='ocrx_word' id='word_1_241' title='bbox 972 2307 1032 2352; x_wconf 84' lang='lat' dir='ltr'>ait</span> <span class='ocrx_word' id='word_1_242' title='bbox 1059 2325 1069 2352; x_wconf 90' lang='lat'>:</span> <span class='ocrx_word' id='word_1_243' title='bbox 1099 2328 1119 2348; x_wconf 78' lang='lat' dir='ltr'>c&lt;</span> <span class='ocrx_word' id='word_1_244' title='bbox 1145 2307 1365 2353; x_wconf 85' lang='lat' dir='ltr'>Omnibus</span> <span class='ocrx_word' id='word_1_245' title='bbox 1390 2306 1534 2352; x_wconf 90' lang='lat' dir='ltr'>omnia</span> <span class='ocrx_word' id='word_1_246' title='bbox 1565 2304 1704 2350; x_wconf 83' lang='lat' dir='ltr'>sactus</span> <span class='ocrx_word' id='word_1_247' title='bbox 1754 2300 1756 2332; x_wconf 71' lang='lat' dir='ltr'>i</span> 
     </span>
     <span class='ocr_line' id='line_1_30' title="bbox 328 2374 1758 2440; baseline 0.001 -22"><span class='ocrx_word' id='word_1_248' title='bbox 328 2395 349 2416; x_wconf 68' lang='lat'>&gt;³</span> <span class='ocrx_word' id='word_1_249' title='bbox 371 2390 485 2431; x_wconf 88' lang='lat' dir='ltr'>sum,</span> <span class='ocrx_word' id='word_1_250' title='bbox 511 2385 558 2420; x_wconf 90' lang='lat' dir='ltr'>ut</span> <span class='ocrx_word' id='word_1_251' title='bbox 582 2392 727 2420; x_wconf 84' lang='lat' dir='ltr'>omnes</span> <span class='ocrx_word' id='word_1_252' title='bbox 750 2375 1044 2422; x_wconf 86' lang='lat' dir='ltr'>lucrifacerem</span> <span class='ocrx_word' id='word_1_253' title='bbox 1061 2378 1078 2406; x_wconf 72' lang='lat'>2</span> <span class='ocrx_word' id='word_1_254' title='bbox 1101 2395 1111 2422; x_wconf 71' lang='grc' dir='ltr'>ε</span> <span class='ocrx_word' id='word_1_255' title='bbox 1137 2375 1482 2439; x_wconf 80' lang='lat' dir='ltr'>»compatiendo</span> <span class='ocrx_word' id='word_1_256' title='bbox 1512 2375 1556 2420; x_wconf 90' lang='lat' dir='ltr'>id</span> <span class='ocrx_word' id='word_1_257' title='bbox 1580 2374 1698 2431; x_wconf 81' lang='lat' dir='ltr'>fecit,</span> <span class='ocrx_word' id='word_1_258' title='bbox 1756 2434 1758 2440; x_wconf 37' lang='grc' dir='ltr'>Ι</span> 
     </span>
     <span class='ocr_line' id='line_1_31' title="bbox 326 2444 1758 2510; baseline 0 -21"><span class='ocrx_word' id='word_1_259' title='bbox 326 2461 413 2489; x_wconf 91' lang='lat' dir='ltr'>non</span> <span class='ocrx_word' id='word_1_260' title='bbox 438 2444 699 2492; x_wconf 80' lang='lat' dir='ltr'>mentiendo,</span> <span class='ocrx_word' id='word_1_261' title='bbox 734 2446 800 2491; x_wconf 88' lang='lat' dir='ltr'>Fit</span> <span class='ocrx_word' id='word_1_262' title='bbox 826 2446 941 2491; x_wconf 88' lang='lat' dir='ltr'>enim</span> <span class='ocrx_word' id='word_1_263' title='bbox 974 2447 1156 2510; x_wconf 85' lang='lat' dir='ltr'>quisque</span> <span class='ocrx_word' id='word_1_264' title='bbox 1183 2457 1388 2509; x_wconf 84' lang='lat' dir='ltr'>tanquam</span> <span class='ocrx_word' id='word_1_265' title='bbox 1413 2445 1484 2490; x_wconf 89' lang='lat' dir='ltr'>ille</span> <span class='ocrx_word' id='word_1_266' title='bbox 1507 2445 1577 2491; x_wconf 87' lang='lat' dir='ltr'>cui</span> <span class='ocrx_word' id='word_1_267' title='bbox 1608 2445 1702 2490; x_wconf 83' lang='lat' dir='ltr'>vult</span> <span class='ocrx_word' id='word_1_268' title='bbox 1750 2459 1758 2478; x_wconf 63' lang='lat'>‘¹</span> 
     </span>
     <span class='ocr_line' id='line_1_32' title="bbox 327 2512 1754 2579; baseline 0 -20"><span class='ocrx_word' id='word_1_269' title='bbox 327 2514 572 2571; x_wconf 81' lang='lat' dir='ltr'>subvenire,</span> <span class='ocrx_word' id='word_1_270' title='bbox 607 2515 783 2579; x_wconf 88' lang='lat' dir='ltr'>quando</span> <span class='ocrx_word' id='word_1_271' title='bbox 809 2526 929 2561; x_wconf 88' lang='lat' dir='ltr'>tanta</span> <span class='ocrx_word' id='word_1_272' title='bbox 958 2516 1250 2562; x_wconf 86' lang='lat' dir='ltr'>misericordia</span> <span class='ocrx_word' id='word_1_273' title='bbox 1283 2515 1501 2567; x_wconf 81' lang='lat' dir='ltr'>subvenit,</span> <span class='ocrx_word' id='word_1_274' title='bbox 1539 2525 1700 2577; x_wconf 88' lang='lat' dir='ltr'>quanta</span> <span class='ocrx_word' id='word_1_275' title='bbox 1750 2512 1754 2557; x_wconf 71' lang='grc' dir='ltr'><strong>ἶ</strong></span> 
     </span>
     <span class='ocr_line' id='line_1_33' title="bbox 326 2585 1758 2652; baseline 0.001 -22"><span class='ocrx_word' id='word_1_276' title='bbox 326 2585 412 2631; x_wconf 88' lang='lat' dir='ltr'>sibi</span> <span class='ocrx_word' id='word_1_277' title='bbox 429 2585 651 2632; x_wconf 81' lang='lat' dir='ltr'>subveniri</span> <span class='ocrx_word' id='word_1_278' title='bbox 667 2585 812 2644; x_wconf 88' lang='lat' dir='ltr'>vellet,</span> <span class='ocrx_word' id='word_1_279' title='bbox 835 2587 868 2633; x_wconf 90' lang='lat' dir='ltr'>si</span> <span class='ocrx_word' id='word_1_280' title='bbox 886 2597 992 2633; x_wconf 89' lang='lat' dir='ltr'>esset</span> <span class='ocrx_word' id='word_1_281' title='bbox 1011 2587 1101 2652; x_wconf 88' lang='lat' dir='ltr'>ipse</span> <span class='ocrx_word' id='word_1_282' title='bbox 1124 2587 1169 2634; x_wconf 87' lang='lat' dir='ltr'>in</span> <span class='ocrx_word' id='word_1_283' title='bbox 1186 2586 1336 2633; x_wconf 88' lang='lat' dir='ltr'>eadem</span> <span class='ocrx_word' id='word_1_284' title='bbox 1354 2585 1522 2633; x_wconf 88' lang='lat' dir='ltr'>miseria</span> <span class='ocrx_word' id='word_1_285' title='bbox 1540 2587 1698 2633; x_wconf 88' lang='lat' dir='ltr'>consti-</span> <span class='ocrx_word' id='word_1_286' title='bbox 1752 2611 1758 2632; x_wconf 73' lang='lat' dir='ltr'>t</span> 
     </span>
    </p>
   </div>
   <div class='ocr_carea' id='block_1_3' title="bbox 373 2667 1003 2715">
    <p class='ocr_par' dir='ltr' id='par_1_3' title="bbox 373 2667 1003 2715">
     <span class='ocr_line' id='line_1_34' title="bbox 373 2667 1003 2715; baseline 0.005 -16"><span class='ocrx_word' id='word_1_287' title='bbox 373 2667 384 2690; x_wconf 82' lang='lat'><strong>¹</strong></span> <span class='ocrx_word' id='word_1_288' title='bbox 405 2668 506 2701; x_wconf 72' lang='lat' dir='ltr'>Galat.</span> <span class='ocrx_word' id='word_1_289' title='bbox 522 2679 560 2711; x_wconf 74' lang='lat' dir='ltr'>n,</span> <span class='ocrx_word' id='word_1_290' title='bbox 587 2675 636 2705; x_wconf 70' lang='grc'>14.</span> <span class='ocrx_word' id='word_1_291' title='bbox 651 2687 692 2695; x_wconf 84' lang='grc'><strong>-</strong></span> <span class='ocrx_word' id='word_1_292' title='bbox 711 2668 727 2692; x_wconf 75' lang='lat'><em>2</em></span> <span class='ocrx_word' id='word_1_293' title='bbox 749 2681 761 2701; x_wconf 84' lang='grc' dir='ltr'><em>ι</em></span> <span class='ocrx_word' id='word_1_294' title='bbox 785 2671 860 2703; x_wconf 86' lang='lat' dir='ltr'>Cor.</span> <span class='ocrx_word' id='word_1_295' title='bbox 878 2681 926 2715; x_wconf 78' lang='lat' dir='ltr'>rx,</span> <span class='ocrx_word' id='word_1_296' title='bbox 947 2682 1003 2706; x_wconf 60' lang='grc' dir='ltr'>τι,</span> 
     </span>
    </p>
   </div>
   <div class='ocr_carea' id='block_1_4' title="bbox 1735 2330 1758 3246">
    <p class='ocr_par' dir='ltr' id='par_1_4' title="bbox 1735 2330 1758 3246">
     <span class='ocr_line' id='line_1_35' title="bbox 1735 2330 1758 3246; baseline 0 0"><span class='ocrx_word' id='word_1_297' title='bbox 1735 2330 1758 3246; x_wconf 95' lang='lat' dir='ltr'> </span> 
     </span>
    </p>
   </div>
  </div>
 </body>
</html>
