1758 3246
478 306 531 333 DE
567 303 817 344 MENDACIO,
858 306 942 335 Liss.
987 307 1016 335 1.
1331 294 1424 358 (159

51 380 130 420 nec
146 372 254 419 illud
272 370 468 425 cavebit,
497 369 621 432 quod
642 371 690 414 fit
713 370 757 415 in
780 368 980 414 doctrina
1003 370 1175 432 pietatis
1199 384 1240 419 et
1256 374 1424 435 religio-

52 444 139 496 nis;
168 459 254 506 quo
278 439 519 486 sceleratius
543 439 649 501 quid
668 438 792 484 facile
810 438 1000 483 invenias
1016 476 1026 493 ,
1048 456 1134 484 non
1154 442 1264 487 inter
1282 444 1426 490 omnia

49 512 273 558 mendacia
287 548 297 565 ‚
315 509 387 555 sed
405 509 517 554 intel·
534 509 678 554 omnia
692 524 822 571 pecca
832 518 870 552 ta
883 507 922 568 9)
941 507 1008 552 vel
1027 508 1155 555 alicui
1176 512 1419 570 mendacio,

49 580 245 644 quamvis
267 579 405 633 136111,
442 579 640 641 quamvis
667 578 837 623 innoxio
854 613 865 633 ‚
903 589 1057 624 nutum
1084 580 1321 628 voluntatis
1348 601 1424 629 ac·-

48 649 419 701 commodaverit3
463 658 511 692 ut
545 665 632 693 non
665 648 826 693 invitus
866 648 1077 694 evadendi
1110 652 1285 710 majoris
1321 653 1425 698 mali

46 736 173 766 causa
190 756 200 774 ‚
228 718 300 764 sed
324 717 471 763 volens
495 717 719 780 libensque
738 717 985 764 mentiatur.
1011 720 1077 764 Ita
1099 735 1199 765 cum
1219 721 1301 766 tria
1318 721 1420 778 sint,

46 806 144 852 quae
167 790 212 834 in
235 789 319 834 hac
339 788 546 833 sententia
565 788 745 848 intelligi
766 787 934 851 possint
955 807 967 841 ;
996 800 1070 835 3111
1087 806 1215 836 omne
1238 792 1423 838 menda·-

44 860 162 905 cium
186 875 272 904 non
292 858 431 903 solum
452 859 624 903 mentiri
644 858 734 903 noli
752 894 763 913 ‚
789 857 861 903 sed
882 875 960 903 nec
979 859 1086 904 velle
1109 861 1282 906 mentiri
1303 880 1314 915 ;
1351 872 1425 908 aut

43 930 133 974 noli
157 929 265 975 velle
285 966 295 984 ‚
323 929 396 974 sed
417 929 484 974 vel
502 929 664 974 invitus
694 930 904 985 mentire,
935 946 1034 975 cum
1070 929 1327 991 fugiendum
1361 943 1424 978 est

43 999 207 1062 aliquid
235 999 437 1058 gravius3
473 1009 546 1044 aut
580 999 669 1044 noli
709 1016 864 1054 omne,
904 1010 953 1045 ut
989 1002 1174 1064 exceptis
1203 1002 1422 1065 aliquibus

42 1068 277 1113 mendaciis
299 1078 453 1113 caetera
478 1069 811 1131 permittantur:
834 1086 969 1114 unum
989 1070 1063 1115 hic
1083 1083 1163 1134 pro
1178 1071 1247 1116 his
1259 1072 1421 1135 quibus

41 1139 213 1183 mentiri
231 1150 456 1201 nunquam
487 1139 656 1201 placet,
677 1138 765 1184 duo
783 1156 866 1201 pro
887 1139 970 1184 illis
989 1141 1065 1202 qui
1086 1140 1320 1204 aliquando
1341 1159 1420 1205 pu-

38 1217 134 1252 tant
156 1225 242 1253 esse
265 1208 561 1253 mentiendum
578 1245 588 1257 .
619 1208 916 1254 inveniuntur.
941 1209 1026 1254 Sed
1053 1220 1195 1255 tamen
1218 1211 1337 1274 quod
1358 1229 1418 1257 se-

37 1279 188 1341 quitur
212 1295 222 1322 ε
243 1300 263 1319 1(
276 1278 514 1324 Assiduitas
533 1278 647 1322 enim
671 1281 761 1337 eJ'us
780 1294 868 1323 non
885 1280 1087 1342 proficiet
1102 1280 1155 1325 ad
1178 1282 1345 1327 bonum
1364 1319 1374 1337 ‚
1394 1303 1415 1325 »

37 1349 180 1394 nescio
201 1358 347 1394 utrum
381 1348 517 1411 possit
551 1348 708 1410 primae
736 1348 896 1393 harum
921 1349 1054 1395 trium
1077 1352 1297 1397 sententiae
1322 1352 1415 1398 suf-

35 1418 197 1478 fragari
242 1437 252 1463 z
291 1418 371 1463 nisi
399 1417 509 1462 forte
539 1418 599 1462 ita
631 1428 678 1462 ut
702 1418 998 1481 perfectorum
1024 1432 1297 1484 praeceptum
1321 1423 1376 1467 sit
1399 1459 1410 1479 ‚

36 1490 214 1534 omnino
233 1501 461 1552 nunquam
483 1505 571 1532 non
592 1488 729 1533 solum
756 1490 954 1545 mentiri,
983 1490 1055 1536 sed
1074 1491 1138 1536 vel
1161 1490 1267 1537 velle
1292 1509 1414 1538 men—

34 1559 105 1604 tiri
129 1579 139 1612 3
169 1559 393 1604 assiduitas
414 1575 512 1603 vero
531 1558 765 1603 mentiendi
782 1575 859 1604 nec
877 1561 1211 1622 proficientibus
1226 1563 1412 1624 permit-

37 1638 164 1675 tatur.
197 1631 426 1692 Tanquam
444 1628 477 1673 si
497 1645 596 1673 cum
621 1629 935 1691 praeciperetur
950 1666 961 1686 ,
986 1646 1211 1694 nunquam
1239 1648 1413 1695 prorsus

32 1717 121 1746 non
138 1699 276 1745 solum
304 1698 601 1744 mentiendum
620 1736 630 1746 .
661 1698 733 1744 sed
756 1716 834 1744 nec
859 1699 1124 1746 voluntatem
1159 1702 1410 1749 habendam

30 1786 117 1815 esse
140 1769 376 1815 mentiendi
399 1807 409 1825 ,
437 1768 808 1814 contradiceretur
841 1770 1070 1834 exemplis,
1111 1772 1230 1834 quod
1266 1772 1411 1836 aliqua

29 1850 130 1884 sunt
149 1840 278 1885 etiam
302 1857 455 1899 magna
479 1839 733 1883 auctoritate
759 1840 1001 1902 approbata
1021 1838 1247 1888 mendacia
1280 1860 1289 1887 z
1318 1860 1410 1888 res-

27 1909 295 1972 ponderetur
319 1920 457 1955 autern
473 1946 483 1963 ‚
511 1908 584 1953 illa
610 1909 788 1971 quidem
813 1926 899 1954 esse
924 1912 1248 1972 proficientium
1271 1949 1281 1968 ,
1309 1930 1411 1977 quae

29 1980 195 2026 habent
213 1979 452 2025 secundum
472 1979 587 2025 hanc
605 1979 740 2024 vitam
761 1979 1079 2044 qualecumque
1099 1981 1291 2027 officium
1329 1983 1408 2028 mi-

27 2051 273 2096 sericordiae
289 2070 300 2103 3
320 2049 392 2094 sed
414 2066 546 2112 usque
563 2048 670 2094 adeo
683 2066 768 2094 esse
784 2067 911 2095 omne
928 2050 1202 2097 mendacium
1221 2052 1403 2110 malum,

24 2132 66 2167 et
83 2119 285 2184 perfectis
311 2130 439 2182 atque
462 2118 734 2182 spiritalibus
759 2120 912 2165 animis
935 2121 1054 2166 omni
1078 2120 1209 2167 modo
1230 2121 1405 2182 fugien-

24 2191 130 2237 dum
146 2228 157 2246 ,
185 2201 234 2236 111
253 2207 334 2235 nec
355 2190 460 2252 ipsis
485 2188 822 2252 proficientibus
850 2189 1075 2236 assiduitas
1106 2194 1196 2250 eJ'us
1219 2192 1406 2254 permit-

23 2260 152 2306 tenda
180 2261 248 2306 sit.
282 2260 458 2305 Dictum
473 2269 533 2304 est
552 2258 714 2314 enimi,
735 2262 829 2318 J'am
851 2258 905 2305 de
922 2260 1229 2307 obstetricibus
1248 2264 1405 2324 *Egyp-

26 2331 92 2376 tiis
106 2368 116 2386 ,
143 2330 263 2393 quod
300 2329 353 2374 de
387 2328 532 2374 indole
575 2329 628 2374 ad
663 2328 814 2374 melius
852 2329 1112 2393 proficiendi
1153 2332 1404 2376 mentientes

22 2401 283 2465 approbatae
306 2411 406 2445 sunt
429 2417 439 2444 :
461 2399 564 2462 quia
601 2399 838 2445 nonnullus
867 2400 1026 2460 gradus
1050 2411 1112 2445 est
1138 2400 1193 2446 ad
1214 2400 1404 2460 diligen-

22 2471 120 2516 dam
142 2485 287 2516 veram
307 2488 357 2516 ac
376 2469 680 2532 sempiternam
705 2470 904 2526 salutem,
921 2482 1021 2516 cum
1042 2471 1224 2533 quisque
1242 2471 1403 2517 miseri-

74 2573 83 2597 l
104 2571 185 2602 Vide
204 2582 296 2613 snpra
313 2582 346 2603 n.
370 2583 400 2606 ἢ.
