1758 3246
281 303 375 353 536
688 321 722 351 S.
766 320 1007 352 Ancusn-xi
1043 320 1244 353 muscom

281 410 303 431 ν,
321 388 389 434 bis
403 404 512 443 esse,
532 398 582 434 ut
606 387 771 434 Christi
804 389 1024 453 Apostoli:
1055 390 1130 436 sed
1166 390 1271 437 facti
1306 407 1453 439 sumus
1476 393 1645 456 parvuli

282 479 304 500 »
327 458 372 504 111
411 459 554 505 medio
595 470 782 505 vestrum
802 497 812 517 ,
860 471 1069 524 tanquam
1114 461 1147 507 si
1186 463 1328 508 nutrix
1361 463 1503 510 foveat
1538 464 1648 509 filios

281 549 303 571 ³>
327 545 425 574 suos
447 527 480 576 1.
508 550 528 570 »
548 529 679 586 Quod
699 547 797 590 ergo
818 530 873 576 ad
888 530 1138 576 Corinthios
1165 531 1272 578 dicit
1286 570 1296 588 ,
1318 533 1479 578 habere
1501 550 1541 579 se
1562 551 1648 597 po·-

279 609 473 645 testatem
491 600 753 664 apostolatus
777 601 840 646 sui
856 638 867 657 ,
912 601 1023 646 sicut
1057 611 1099 646 et
1119 603 1261 647 caeteri
1287 603 1479 666 Apostoli
1500 606 1517 632 ²
1533 639 1544 660 ,
1567 620 1650 666 qua

278 680 487 734 potestate
505 688 631 717 usum
645 688 686 716 se
700 688 787 716 non
801 688 885 723 esse
906 682 1088 717 testatur
1104 692 1115 725 3
1132 671 1219 717 hoc
1238 673 1364 718 etiam
1382 673 1428 718 in
1446 674 1527 718 isto
1551 673 1648 719 loco

282 740 337 786 ad
362 741 757 787 Thessalonicenses
789 742 879 787 ait:
926 764 946 784 «
968 743 1082 788 Cum
1122 759 1343 806 possemus
1377 744 1494 789 oneri
1525 743 1651 789 vobis

283 830 305 851 >>
322 827 408 855 6556
424 848 434 867 ,
459 821 507 855 ut
532 811 699 856 Christi
735 812 932 875 Apostoli
953 830 964 857 :
993 833 1014 853 »
1036 812 1278 858 secundum
1298 813 1416 876 quod
1443 814 1652 859 Dominus

286 880 415 926 dicit:
439 901 456 922 «
475 881 642 940 Dignus
655 892 716 927 est
740 883 962 945 operarius
981 883 1178 928 mercede
1203 900 1277 929 sua
1300 884 1332 930 3.
1359 906 1377 925 >2
1414 885 1524 929 Nam
1546 884 1652 929 hinc

286 967 384 995 eum
408 950 550 996 dicere
569 989 579 1007 ,
611 951 720 997 illud
745 952 909 998 indicat
946 953 1067 1016 quod
1099 970 1230 1017 supra
1257 954 1402 1017 posuit
1428 971 1438 999 ε
1460 975 1481 995 «
1508 954 1654 1016 Neque

285 1041 307 1062 2>
328 1021 374 1066 in
399 1021 624 1067 occasione
649 1023 929 1085 cupiditatis,
965 1025 1078 1069 Deus
1102 1024 1217 1069 testis
1254 1034 1318 1069 est
1336 1023 1369 1070 4.
1392 1046 1412 1065 »
1457 1024 1540 1069 Per
1570 1023 1657 1068 hoc

286 1092 401 1137 enim
426 1091 543 1155 quod
566 1095 664 1151 jure
690 1093 908 1139 dominico
933 1093 1176 1139 debebatur
1205 1094 1331 1139 bonis
1351 1093 1655 1154 Evangelistis,

289 1179 377 1207 non
396 1172 576 1225 propter
599 1163 685 1209 hoc
709 1164 1102 1224 evangelizantibus
1120 1201 1130 1220 ‚
1154 1164 1227 1210 sed
1249 1165 1545 1228 quaerentibus
1562 1181 1660 1223 reg-

289 1249 393 1277 num
424 1232 526 1288 Dei,
551 1243 600 1278 ut
628 1233 726 1279 haec
759 1234 903 1279 omnia
928 1245 1252 1298 apponerentur
1274 1234 1349 1289 eis,
1387 1233 1664 1279 inveniebant

293 1303 363 1348 alii
407 1303 698 1357 occasionem,
726 1304 779 1349 de
816 1306 976 1368 quibus
1015 1305 1130 1350 idem
1165 1305 1304 1350 dicit:
1329 1326 1349 1345 «
1377 1306 1524 1368 Neque
1549 1303 1663 1348 enim

295 1394 315 1415 »
338 1373 408 1418 isti
435 1374 522 1418 Deo
552 1374 758 1420 serviunt.
786 1375 858 1420 scd
878 1392 953 1420 suo
975 1375 1113 1420 ventri
1133 1375 1166 1421 5.
1192 1396 1213 1416 ³>
1246 1375 1417 1431 Quibus
1448 1374 1564 1419 hanc
1589 1390 1667 1418 oe-

295 1443 507 1488 casionem
529 1455 756 1506 amputare
770 1444 944 1489 volebat
964 1444 1211 1507 Apostolus,
1234 1455 1282 1489 ut
1300 1445 1431 1490 etiam
1451 1443 1568 1507 quod
1584 1442 1667 1488 sibi

291 1516 405 1572 juste
428 1513 687 1569 debebatur,
708 1514 935 1560 omitteret.
967 1516 1125 1578 Aperte
1163 1515 1329 1578 quippe
1374 1515 1460 1560 hoc
1479 1515 1572 1578 ipse
1593 1530 1668 1558 os-

297 1582 436 1628 tendit
452 1583 495 1628 in
508 1584 694 1629 secunda
718 1584 769 1630 acl
801 1584 1068 1640 Corinthios,
1088 1585 1142 1629 ab
1158 1584 1250 1630 aliis
1271 1584 1472 1630 Ecclesiis
1495 1583 1670 1647 supple-

300 1665 363 1699 tas
385 1654 532 1700 dicens
552 1656 816 1701 necessitates
841 1673 950 1703 suas.
982 1656 1164 1700 Venerat
1183 1655 1316 1711 enim,
1342 1656 1667 1719 sieutapparet,

303 1724 357 1770 ad
375 1736 538 1770 tantam
565 1726 845 1786 indigentiam
860 1764 870 1783 ,
898 1737 947 1771 ut
970 1726 1023 1772 de
1040 1726 1289 1790 longinquis
1314 1726 1513 1772 Ecclesiis
1531 1726 1569 1771 ei
1594 1741 1673 1770 116-

303 1795 482 1841 cessaria
505 1797 795 1851 mitterentur,
820 1796 924 1842 dum
959 1807 1103 1842 tamen
1141 1797 1196 1842 31)
1221 1797 1282 1841 615
1309 1796 1428 1860 apud
1454 1813 1562 1860 quos
1585 1805 1675 1840 erat

305 1866 415 1911 1111111
438 1866 522 1912 tale
550 1868 777 1931 acciperet.
809 1889 828 1908 «
859 1867 1085 1931 'Numquid
1109 1878 1338 1931 peccatum
1357 1903 1368 1920 ,
1401 1867 1565 1930 inquit,
1593 1865 1677 1911 feci

308 1959 328 1978 n
348 1954 415 1982 me
446 1937 590 2000 ipsum
618 1938 892 1984 humiliando
930 1948 978 1983 ut
1012 1955 1088 1983 vos
1120 1937 1430 1993 exaltaremini,
1469 1937 1676 2001 quoniam

309 2028 329 2048 >)
351 2007 480 2066 gratis
503 2009 784 2067 Evangelium
815 2009 893 2054 Dei
916 2008 1201 2068 evangelizavi
1218 2008 1373 2053 vobis?
1395 2007 1507 2053 Alias
1532 2005 1678 2052 Eccle-

310 2099 330 2119 »
348 2077 428 2122 sias
448 2078 657 2140 expoliavi
678 2080 893 2142 accipiens
913 2078 1178 2142 stipendium
1198 2078 1251 2124 ad
1267 2089 1450 2125 vestram
1467 2077 1679 2123 ministra-

310 2167 332 2188 »
359 2148 544 2201 tionem3
576 2159 618 2194 et
641 2166 741 2194 cum
777 2149 894 2213 apud
928 2166 1002 2194 vos
1034 2148 1205 2194 fuissem
1232 2159 1273 2193 et
1295 2165 1485 2208 egerem,
1519 2147 1681 2192 nemini

311 2240 332 2260 »
356 2220 494 2278 gravis
513 2218 588 2266 fui.
611 2221 719 2265 Nam
734 2220 779 2265 id
797 2220 916 2284 quod
947 2220 1091 2265 deerat
1114 2219 1223 2265 mihi
1242 2216 1682 2282 adimpleveruntfra-

311 2309 332 2330 »
359 2299 440 2334 tres
464 2290 539 2353 qui
566 2301 776 2336 venerunt
800 2308 822 2336 a
849 2290 1104 2336 Macedonia
1122 2327 1132 2346 ,
1159 2300 1201 2336 et
1227 2289 1273 2335 in
1299 2289 1502 2335 omnibus
1532 2288 1682 2347 ingra-

313 2381 334 2401 »
357 2371 452 2404 vate
492 2360 624 2405 mein
651 2361 776 2406 vobis
804 2360 1047 2416 custodivi,
1079 2371 1120 2405 et
1148 2360 1403 2406 custodiam.
1434 2360 1510 2404 Est
1529 2358 1683 2404 veritas

314 2451 335 2471 υ
362 2430 523 2476 Christi
548 2430 594 2475 in
611 2447 678 2476 me
698 2431 799 2494 quia
821 2431 953 2491 gloria
972 2432 1069 2477 haec
1094 2448 1183 2476 non
1213 2431 1472 2491 infringetur
1489 2430 1534 2474 in
1558 2429 1684 2473 mein

311 2522 332 2541 ι)
350 2500 597 2560 regionibus
615 2501 808 2548 Acha‘iae.
837 2502 1015 2558 Quare?
1037 2502 1139 2566 quia
1162 2518 1251 2546 non
1269 2517 1346 2546 vos
1369 2500 1533 2560 diligo)
1569 2501 1683 2545 Deus

364 2595 375 2616 ¹
392 2605 403 2623 1
421 2593 522 2624 Thess
547 2605 586 2631 11,
606 2596 675 2634 5-7.
697 2612 740 2620 —
761 2593 776 2617 2
796 2608 809 2627 1
830 2597 904 2628 Cor.
925 2606 972 2639 ix,
992 2596 1026 2629 5.
1047 2613 1090 2620 -
1113 2592 1217 2627 ³1.uc.
1234 2605 1267 2640 X,
1287 2606 1316 2635 7.
1338 2613 1378 2619 -
1395 2590 1409 2615 ⁴
1430 2605 1441 2625 1
1459 2592 1569 2626 Thess·
1588 2603 1628 2635 ¹¹,
1650 2591 1683 2624 5·

320 2665 362 2670 —-
381 2644 395 2670 5
413 2649 505 2680 Rom.
524 2658 588 2686 nx,
608 2650 659 2680 ιδ’.
