1758 3246
18 294 22 333 Ἰ
62 313 358 346 ENCHIRIDION
394 313 449 343 DE
484 312 603 351 FIDE,
631 312 704 341 SPE
741 313 794 341 ET
831 312 1100 354 CHARITATE‚
1128 316 1215 346 LIB.
1259 317 1290 347 1.
1340 317 1425 363 129

18 343 21 365 1

18 390 19 406 i

17 435 20 459 Ι

16 473 19 493 l

16 519 18 547 l

18 413 19 422 ,
59 376 334 440 perscrutatis
358 385 485 437 atque
497 375 712 429 tractatis,
737 375 953 421 valeatvel
965 393 1052 420 non
1066 378 1206 424 valeat
1224 379 1422 442 reperiri,

17 464 19 471 ·
61 458 214 492 temere
232 447 439 492 affirmare
462 461 550 490 non
576 444 728 491 audeo.

121 518 236 564 XIV.
249 516 363 563 Illud
374 527 517 561 tamen
527 532 662 560 unum
675 526 923 578 peceatum,
940 516 1059 578 quod
1067 526 1152 561 tam
1163 535 1368 577 magnum
1380 521 1426 565 in

58 587 153 633 loco
181 598 222 632 et
249 586 406 632 habitu
428 596 561 631 tantae
589 584 805 630 felicitatis
833 585 1066 630 adinissum
1089 597 1167 642 est9
1197 589 1316 633 u-fin
1340 606 1426 634 uno

57 657 231 703 homine
247 656 525 716 originaliter,
554 666 682 718 atque
700 657 767 711 (ut
786 655 846 700 ita
869 655 1066 717 dixerim)
1092 656 1337 703 radicaliter
1356 669 1428 703 to-

14 728 17 756 *
61 736 152 771 tum
175 744 304 786 genus
329 727 573 772 humanum
593 726 886 782 damnaretur7
916 743 1004 771 non
1022 726 1203 773 solvitur
1229 746 1277 773 ac
1301 728 1431 774 dilui-

60 805 129 840 tur
156 797 238 842 nisi
267 814 344 859 per
363 812 499 841 unum
530 795 809 841 mediatorem
846 796 924 840 Dei
956 807 998 841 et
1027 796 1258 842 hominum
1288 799 1432 843 homi-

56 881 152 910 nem
180 866 405 911 Christum
429 866 607 943 Jesu1113
639 866 715 928 qui
744 866 858 910 solus
880 865 1027 927 potuit
1058 867 1117 912 ita
1139 868 1280 924 nasei,
1311 879 1361 914 ut
1392 869 1433 914 ei

55 952 143 980 non
177 952 285 999 opus
314 946 418 981 esset
446 936 624 981 ienasei.
674 935 772 980 Non
804 935 918 980 enim
952 937 1318 993 renascebantur,
1356 939 1433 1001 qui

54 1005 313 1068 baptismate
340 1007 518 1052 Joannis
544 1006 887 1069 baptizabantui
906 1044 916 1062 ‚
951 1027 973 1053 a
1000 1024 1088 1070 quo
1121 1018 1162 1053 et
1189 1008 1281 1071 ipse.
1312 1009 1431 1073 bap-

55 1076 206 1121 tizatus
225 1087 320 1121 est:
349 1076 422 1121 sed
442 1076 632 1138 quodam
654 1078 943 1138 praecursorio
966 1078 1080 1123 illius
1097 1078 1335 1125 ministerio
1355 1081 1432 1142 qui

53 1144 260 1191 dicebat.
293 1167 312 1187 c<
332 1147 486 1190 Parate
504 1146 619 1191 viam
646 1146 857 1202 Domino,
886 1168 906 1187 n
930 1147 1037 1192 huie
1062 1149 1137 1193 uni
1160 1149 1205 1193 in
1230 1165 1318 1211 quo
1341 1150 1433 1195 solo

52 1216 213 1260 renasci
234 1225 435 1278 poterant
466 1215 749 1276 parabantur.
784 1216 927 1273 Hujus
957 1217 1071 1261 enim
1098 1217 1343 1278 baptismus
1371 1230 1435 1264 est

51 1300 138 1328 non
160 1283 205 1328 in
226 1301 336 1346 aqua
360 1294 549 1338 tantuin,
588 1284 699 1328 sieut
718 1284 798 1328 fuit
838 1285 860 1327 J
867 1285 1018 1329 oannis
1033 1322 1043 1340 ‚
1083 1287 1366 1332 verumetiam
1386 1287 1433 1334 in

52 1353 218 1415 Spiritu
239 1364 386 1400 saneto
406 1374 416 1406 ;
445 1364 494 1398 ut
511 1353 563 1398 de
586 1353 660 1398 illo
681 1353 848 1416 Spiritu
872 1365 1144 1412 regeneretur
1169 1356 1367 1419 quisquis
1386 1358 1433 1403 in

52 1424 275 1469 Christum
311 1423 475 1479 eredit,
511 1423 564 1469 de
597 1441 685 1487 quo
711 1424 912 1469 Christus
948 1436 1170 1484 generatus
1201 1443 1430 1486 regenera-

49 1493 163 1539 tione
196 1511 284 1538 non
317 1493 462 1553 eguit1
485 1512 493 1538 ε
520 1493 644 1538 Unde
664 1510 744 1539 vox
765 1493 839 1538 illa
869 1494 1009 1539 Patris
1031 1511 1130 1557 quae
1157 1512 1288 1558 super
1309 1497 1429 1561 bap-

48 1564 225 1610 tizatum
244 1565 356 1610 faeta
367 1575 429 1609 est
451 1582 461 1608 ε
477 1566 597 1623 «Ego
619 1564 749 1608 hodie
763 1565 890 1623 genui
905 1574 944 1609 te
958 1565 975 1593 2
990 1585 1032 1618 ς»
1051 1581 1140 1609 non
1154 1582 1292 1611 unum
1303 1567 1429 1614 illum

48 1636 254 1698 temporis
271 1635 385 1680 diem
404 1652 490 1698 quo
519 1635 764 1698 baptizatus
787 1646 865 1691 est,
894 1635 966 1681 sed
984 1636 1271 1682 immutabilis
1295 1649 1427 1684 aeter-

47 1707 190 1751 nitatis
204 1706 407 1762 ostendit,
428 1706 615 1751 utillum
637 1706 859 1751 hominem
879 1706 934 1751 ad
956 1706 1175 1766 Unigeniti
1195 1725 1424 1770 personam

45 1776 257 1839 pertinere
274 1786 532 1821 monstraret
545 1776 577 1822 3.
600 1776 688 1820 Ubi
704 1776 818 1820 enim
836 1776 925 1821 dies
940 1793 1019 1822 nec
1040 1776 1229 1823 hesterni
1249 1780 1335 1824 fine
1348 1780 1422 1826 in-

47 1847 230 1892 choatur
247 1885 258 1904 ‚
284 1865 362 1892 nee
383 1847 508 1893 initio
531 1847 707 1892 crastini
740 1848 997 1893 terminatur
1011 1885 1021 1904 ,
1046 1865 1215 1912 semper
1236 1849 1428 1897 hodier-

46 1934 125 1963 nus
150 1929 225 1964 est.
261 1919 313 1962 In
339 1935 448 1981 aqua
474 1935 573 1977 ergo
596 1918 809 1981 baptizari
835 1918 976 1964 voluit
998 1937 1020 1964 a
1044 1919 1228 1974 Joanne,
1262 1937 1350 1966 non
1368 1933 1420 1967 ut

45 1993 132 2048 ejus
162 1988 367 2052 iniquitas
393 1988 480 2034 ulla
499 1988 755 2044 clilueretu1'‚,
781 1989 853 2034 sed
882 2000 930 2034 ut
952 2006 1107 2048 magna
1139 1991 1417 2037 commenda-

44 2070 161 2105 retur
183 2059 421 2106 humilitas.
459 2060 524 2103 Ita
550 2060 716 2122 quippe
740 2059 851 2104 nihil
871 2060 915 2105 in
945 2077 994 2104 eo
1015 2060 1261 2122 baptismus
1295 2061 1417 2124 quod

44 2129 254 2185 ablueret.
295 2131 407 2175 sieut
440 2147 555 2174 mors
592 2130 704 2174 nihil
740 2130 859 2192 quod
896 2130 1089 2193 puniret,
1128 2130 1294 2177 invenit
1325 2148 1335 2175 ε
1366 2142 1416 2177 ut

43 2200 241 2246 diabolus
273 2201 448 2245 veritate
480 2201 677 2258 justitiae,
716 2217 803 2245 non
827 2200 1030 2245 violentia
1060 2201 1286 2262 potestatis
1327 2218 1412 2264 op-

41 2287 209 2332 pressus
227 2281 267 2315 et
284 2271 439 2325 victus,
462 2270 665 2332 quoniam
686 2270 829 2332 ipsum
847 2270 935 2314 sine
958 2269 1046 2315 ullo
1070 2270 1237 2333 peceati
1256 2271 1409 2316 merito

42 2339 304 2402 iniquissime
345 2339 563 2384 occiderat
580 2377 590 2394 ‚
632 2357 711 2402 per
752 2340 896 2402 ipsum
929 2340 1160 2399 justissime
1196 2340 1410 2385 amitteret

43 2426 148 2472 quos
163 2411 332 2473 peceati
358 2410 510 2455 merito
532 2410 765 2455 detinebat.
802 2411 1045 2473 Utrumque
1063 2411 1194 2470 igitur
1219 2411 1274 2454 al)
1301 2410 1377 2455 illo
1393 2447 1405 2467 ,

42 2479 85 2524 id
103 2490 181 2536 est,
209 2491 250 2525 et
268 2481 511 2543 baptisnms
534 2491 575 2525 et
596 2498 725 2537 mors,
763 2492 892 2526 certae
914 2480 1244 2544 dispensationis
1261 2497 1405 2537 eausa,

89 2571 98 2594 ¹
126 2570 243 2603 Matth.
273 2583 326 2609 111,
353 2574 411 2610 133
431 2576 506 2604 Luc.
526 2584 578 2611 ιιι,
602 2579 632 2609 4,
650 2579 679 2603 et
701 2574 802 2604 Marc.
822 2584 844 2610 1,
865 2574 895 2604 8.
914 2590 957 2596 -
974 2572 990 2594 2
1007 2572 1085 2604 Psal.
1105 2582 1142 2609 11,
1164 2583 1194 2610 7.
1210 2586 1257 2594 -—-
1272 2568 1287 2592 3
1307 2569 1408 2602 Hebr.

43 2633 65 2660 1,
81 2624 112 2665 3,
133 2629 208 2665 etv,
231 2625 260 2654 5.

169 2690 347 2721 cxxxm.
1247 2689 1276 2733 9
