1758 3246
161 322 335 355 CONTRA
371 317 640 352 MENDACIUM
676 317 732 348 An
770 317 1071 359 CONSENTmM,
1111 316 1200 347 LIB.
1243 314 1274 346 1.
1351 300 1437 362 491

73 387 243 434 homini
262 388 420 440 minus,
446 401 498 429 ne
522 383 629 428 alius
646 393 796 447 peccet
816 382 1003 446 amplius
1018 419 1028 436 ,
1051 381 1248 445 profecto
1266 391 1306 426 et
1324 380 1449 426 furtis

75 457 234 503 nostris
266 467 416 519 stupra
439 453 712 499 cavebuntur
735 452 868 498 aliena
885 489 896 508 ,
922 462 962 497 et
986 451 1144 497 incesta
1184 450 1371 514 stupris3
1402 461 1444 496 et

73 527 107 572 si
125 544 210 590 qua
232 526 428 588 impietas
466 523 554 568 visa
593 521 725 568 fuerit
749 523 876 568 etiam
900 524 1022 585 pejor
1045 519 1220 567 incestis
1235 557 1245 575 ‚
1284 520 1445 565 incesta

73 613 247 661 quoque
273 594 467 641 facienda
484 592 684 639 dicentur
706 612 727 639 a
749 593 874 639 nobis
892 630 902 647 ,
930 592 963 637 si
981 608 1029 636 eo
1046 589 1176 636 modo
1201 590 1267 649 agi
1285 600 1447 653 potue-

72 667 185 722 rint,
219 677 267 711 ut
287 665 357 711 illa
392 665 590 727 impietas
629 681 715 709 non
757 663 1058 710 committatur
1095 659 1150 704 ab
1175 659 1296 705 aliis:
1337 660 1448 704 etin

73 736 249 796 singulis
267 735 514 800 quibusque
541 734 768 793 generibus
802 743 1107 798 peccatorum,
1147 741 1189 776 et
1210 729 1323 775 furta
1355 745 1437 792 pro

72 807 216 860 furtis,
242 816 282 851 et
316 817 464 868 stupra
492 821 570 867 pro
595 804 773 867 stupris,
801 814 842 850 et
880 803 1039 849 incesta
1074 817 1156 864 pro
1181 798 1377 854 incestis,
1404 809 1447 844 et

80 876 297 936 sacrilegia
316 892 396 939 pro
415 875 645 934 sacrilegiis
668 874 862 920 facienda
889 873 1165 938 putabuntur
1181 881 1348 916 :nostra
1362 886 1442 934 pro

73 946 235 1001 alienis,
256 963 342 990 non
359 943 498 989 solum
518 945 683 990 minora
705 962 784 1009 pro
808 944 1047 1004 majoribus
1063 981 1073 998 ,
1102 941 1385 988 verumetiam
1402 940 1439 986 si

73 1015 127 1061 ad
147 1015 239 1078 ipsa
256 1032 422 1060 summa
446 1025 487 1059 et
514 1014 716 1077 pesssima
741 1015 958 1070 veniatur,
984 1013 1190 1077 pauciora
1205 1028 1286 1075 pro
1307 1010 1444 1074 pluri-

72 1086 184 1139 bus;
207 1086 239 1132 si
259 1103 300 1131 se
326 1086 384 1131 ita
401 1102 543 1131 rerum
562 1097 698 1131 verset
720 1087 917 1132 incursus
935 1123 945 1141 ‚
963 1096 1012 1130 ut
1032 1084 1155 1130 aliter
1187 1081 1257 1128 alii
1281 1099 1371 1128 non
1408 1098 1450 1127 se

73 1156 319 1201 abstineant
345 1174 367 1201 a
404 1156 612 1219 peccatis,
640 1156 722 1202 nisi
748 1157 889 1201 minus
911 1155 1156 1218 aliquante,
1191 1152 1264 1198 sed
1302 1163 1446 1197 tamen

72 1227 354 1289 peccantibus
372 1227 521 1278 nobis3
557 1225 615 1270 ita
646 1237 695 1270 ut
732 1226 909 1270 omnino
935 1225 1011 1269 ubi
1051 1222 1203 1268 dixerit
1236 1222 1440 1267 inimicus

73 1296 149 1358 qui
193 1296 395 1340 habuerit
429 1294 682 1354 hujusmodi
717 1304 974 1358 potestatem
1006 1311 1016 1338 :
1048 1292 1140 1337 Nisi
1181 1303 1227 1337 tu
1263 1291 1448 1337 scelera-

73 1374 140 1410 tus
159 1365 305 1420 fueris,
326 1382 402 1425 ego
422 1364 668 1410 sceleratior
684 1381 774 1421 ero,
797 1375 873 1410 aut
889 1364 969 1409 nisi
993 1373 1041 1408 tu
1063 1363 1151 1408 hoc.
1173 1362 1309 1408 scelus
1331 1361 1449 1407 feee-

73 1436 148 1489 ris,
175 1454 251 1496 ego
276 1436 378 1481 talia
401 1435 528 1499 plura
560 1435 744 1489 faciam3
788 1436 924 1481 scelus
967 1434 1094 1480 nobis
1118 1433 1344 1479 videamur
1367 1431 1448 1477 ad-

72 1505 263 1562 mittere,
287 1506 321 1551 si
336 1505 516 1551 velimus
536 1506 590 1551 ab
606 1505 759 1551 scelere
779 1515 1032 1569 temperare.
1057 1504 1154 1550 Hoc
1178 1520 1325 1567 sapere
1342 1501 1449 1566 quid

73 1587 162 1633 est,
191 1576 272 1622 nisi
295 1576 506 1640 desipere,
529 1575 596 1622 vel
640 1576 786 1640 potius
828 1575 1045 1621 insanire?
1084 1576 1120 1620 A
1164 1590 1259 1619 mea
1281 1572 1449 1637 quippe

72 1646 302 1710 iniquitate
318 1684 329 1703 ,
346 1664 434 1692 non
467 1647 522 1692 ab
547 1645 701 1702 aliena,
729 1646 816 1692 sive
854 1646 899 1691 in
924 1663 1010 1702 me,
1037 1645 1124 1690 sive
1148 1644 1193 1689 in
1213 1643 1318 1689 alios
1343 1660 1449 1707 per—-

71 1727 256 1781 petrata,
283 1717 393 1762 mihi
406 1726 466 1761 est
500 1716 692 1762 cavenda
713 1716 947 1763 damnatio.
984 1737 1004 1756 c<
1030 1716 1186 1761 Anima
1210 1714 1325 1760 enim
1349 1729 1449 1778 quae

73 1808 94 1829 »
122 1787 390 1851 peccaverit,
410 1787 500 1850 ipsa
528 1787 738 1832 morietur
758 1787 792 1833 2.
816 1808 836 1828 >a

138 1858 258 1903 XXI.
303 1856 347 1901 Si
374 1872 473 1916 ergo
493 1872 698 1919 peccare,
734 1872 787 1901 ne
815 1855 986 1916 gravius
1018 1855 1084 1903 vel
1115 1856 1161 1902 in
1197 1872 1274 1901 nos
1306 1854 1375 1900 vel
1407 1853 1453 1900 in

74 1926 293 1991 quoslibet
313 1925 383 1972 alii
406 1937 614 1990 peccent,
637 1927 793 1990 procul
814 1927 952 1973 dubio
969 1944 1057 1972 non
1081 1925 1315 1979 debemus;
1341 1942 1452 1971 eon-

74 1997 352 2044 siderandum
379 2007 439 2042 est
458 1997 504 2042 in
529 2014 578 2043 eo
599 1998 717 2061 quod
743 1997 846 2043 fecit
873 1997 1015 2054 Loth,
1041 2007 1188 2043 utrum
1208 1996 1453 2059 exemplum

73 2067 127 2114 sit
147 2068 266 2132 quod
286 2068 473 2121 imitari,
500 2085 552 2113 an
578 2068 724 2131 potius
747 2067 865 2131 quod
886 2067 1023 2114 vitare
1042 2067 1288 2113 debeamus
1316 2066 1454 2126 Magis

73 2139 185 2184 enim
203 2138 377 2185 videtur
398 2138 656 2184 intuendum
676 2150 717 2184 et
737 2139 979 2184 notandum
995 2176 1006 2195 ,
1034 2156 1133 2184 cum
1161 2149 1246 2183 tam
1270 2137 1451 2182 horren-

73 2209 180 2255 dum
203 2208 362 2254 malum
378 2226 424 2254 ex
441 2209 661 2272 impietate
679 2209 1009 2270 flagitiosissima
1027 2208 1348 2255 Sodomitarum
1368 2207 1453 2253 suis

71 2279 342 2344 impenderet
364 2280 615 2343 hospitibus
632 2318 642 2335 ,
675 2280 796 2345 quod
821 2291 1000 2344 cuperet
1017 2280 1254 2344 depellere,
1277 2296 1355 2325 nec
1378 2296 1451 2324 va-

71 2351 204 2407 leret,
232 2351 292 2396 sic
316 2351 444 2396 etiam
465 2351 489 2395 J
495 2352 578 2397 usti
604 2352 794 2398 animum
817 2352 1008 2416 potuisse
1028 2351 1197 2397 turbari
1218 2388 1228 2406 ,
1256 2361 1305 2396 ut
1323 2349 1452 2397 vellet

71 2420 210 2467 facere
227 2421 345 2485 quod
371 2438 457 2466 non
483 2421 666 2467 humani
689 2422 857 2467 timoris
877 2421 1084 2467 nebulosa
1101 2430 1355 2484 tempestas,
1377 2418 1451 2465 sed

74 2491 211 2536 divini
225 2491 335 2550 Juris
360 2491 594 2555 tranquilla
631 2492 832 2537 serenitas
852 2529 863 2549 ,
898 2492 931 2537 si
957 2490 1209 2537 consulatur
1237 2509 1260 2537 a
1292 2490 1419 2536 nobis
1436 2526 1447 2545 ,

73 2561 320 2607 faciendum
353 2578 443 2607 non
478 2579 564 2608 esse
599 2562 836 2618 elamabit3
863 2573 904 2609 et
924 2562 1102 2624 Jubebit
1137 2561 1283 2628 ‘potius
1315 2571 1364 2607 ut
1390 2561 1450 2608 sic

128 2645 138 2668 ¹
158 2647 252 2677 Forte
273 2644 413 2688 iniquus.
436 2662 482 2672 —-
497 2643 513 2668 2
532 2645 648 2681 Ezccli.
669 2650 763 2687 πίνω,
780 2652 812 2684 4.
