1758 3246
299 313 392 359 516
717 330 752 360 S.
797 330 1037 361 AUGUSTINI
1074 331 1275 362 EPISCOI‘I

294 392 442 437 lantur
474 392 719 439 mentiendo
743 395 942 441 custodes
964 433 974 452 ‚
1020 395 1053 441 si
1086 395 1172 441 hoe
1205 396 1333 456 jubet
1365 396 1532 444 veritas.
1578 398 1660 444 Sed

295 464 515 525 quomodo
535 465 689 524 jubeat
712 466 890 523 veritas,
924 477 973 512 ut
996 466 1130 512 homo
1158 467 1403 530 baptizetur
1425 485 1508 514 esse
1538 486 1663 515 men-

294 534 510 589 tiendum,
539 535 573 581 si
592 553 679 581 non
698 536 826 596 jubet
845 537 1015 582 castitas
1030 573 1041 592 ‚
1065 547 1112 582 ut
1135 537 1267 582 homo
1298 538 1543 601 baptizetur
1579 557 1664 585 esse

296 604 638 652 moechandum?
681 607 772 652 Cur
806 617 948 652 autem
971 606 1057 652 hoc
1082 623 1171 651 non
1192 607 1320 666 jubet
1350 609 1519 654 castitas
1539 647 1550 666 ,
1580 610 1661 655 nisi

294 675 395 738 quia
416 675 502 721 hoc
524 693 612 722 non
647 676 776 722 docet
807 677 994 723 veritas?
1034 677 1079 722 Si
1100 693 1200 736 ergo
1215 714 1225 733 ,
1267 678 1347 723 nisi
1371 679 1488 742 quod
1512 680 1666 726 veritas

295 745 423 792 docet
444 783 455 803 ,
495 745 633 792 facere
665 764 753 792 non
789 745 1024 801 debemus3
1066 764 1169 792 cum
1206 747 1359 793 veritas
1397 748 1551 794 doce-at
1587 766 1666 795 nec

295 828 475 880 propter
491 816 714 861 hominem
737 816 1050 880 baptizandum
1083 816 1223 862 facere
1250 817 1368 880 quod
1400 819 1666 865 contrarium

295 898 356 932 est
376 886 581 941 castitati,
605 886 826 949 quomodo
847 904 923 932 nos
947 887 1123 933 docebit
1146 886 1284 933 facere
1306 899 1489 951 propter
1516 889 1667 952 bapti-

294 957 482 1002 zandum
499 956 722 1002 hominem
747 956 865 1019 quod
894 957 976 1020 ipsi
994 967 1054 1002 est
1075 957 1343 1003 contrarium
1364 959 1560 1004 veritati?
1583 958 1667 1004 Sed

295 1027 406 1072 sicut
425 1025 539 1071 oculi
574 1025 628 1071 ad
659 1025 917 1072 intuendum
943 1026 1073 1072 solem
1099 1043 1254 1089 parum
1284 1028 1396 1073 firmi
1417 1065 1428 1084 ,
1455 1046 1502 1073 ea
1526 1038 1669 1074 tamen

295 1113 393 1161 quae
413 1115 436 1142 a
454 1096 540 1142 sole
553 1096 841 1153 illustrantur,
857 1096 1042 1142 libenter
1055 1098 1279 1143 intuentur
1302 1115 1311 1143 :
1334 1098 1393 1144 sic
1409 1099 1563 1145 animae
1579 1102 1671 1158 jam

297 1167 483 1213 valentes
509 1166 713 1212 delectari
747 1165 1079 1229 pulchritudine
1119 1167 1326 1213 castitatis
1349 1205 1359 1224 ,
1399 1185 1485 1213 non
1524 1179 1670 1214 tamen

298 1237 508 1283 continuo
530 1254 609 1300 per
631 1253 672 1282 se
692 1236 829 1299 ipsam
859 1236 1130 1282 considerare
1164 1237 1388 1283 veritatem
1416 1237 1531 1284 unde
1558 1237 1674 1283 lucet

302 1308 471 1353 castitas
497 1317 701 1370 possunt,
726 1317 775 1351 ut
800 1323 899 1351 cum
918 1317 1094 1352 ventum
1115 1306 1244 1353 fuerit
1268 1307 1321 1352 ad
1338 1307 1499 1370 aliquid
1517 1307 1674 1353 facien-

303 1378 406 1423 dum
426 1376 544 1440 quod
563 1376 789 1422 adversum
821 1386 883 1421 est
907 1377 1073 1422 veritati
1095 1414 1105 1432 ‚
1129 1377 1188 1422 ita
1213 1376 1426 1437 refugiant
1450 1388 1492 1422 et
1517 1377 1675 1423 exhor-

302 1458 445 1503 reant,
473 1446 843 1510 quemadmodum
868 1445 1086 1506 refugiunt
1109 1457 1150 1491 et
1173 1446 1425 1503 exhorrent,
1455 1449 1486 1493 si
1510 1447 1675 1493 facien-

303 1517 409 1562 dum
429 1515 595 1579 aliquid
622 1525 896 1579 proponatur
919 1515 1038 1578 quod
1055 1515 1279 1562 adversum
1302 1527 1363 1562 est
1384 1517 1581 1564 castitati.
1604 1517 1679 1563 llle

303 1598 447 1633 autem
477 1587 591 1632 filius
617 1586 693 1649 qui
730 1586 912 1631 verbum
943 1586 1180 1650 suscipiens
1221 1605 1243 1632 a
1283 1587 1523 1651 perditione
1555 1588 1679 1647 longe

305 1657 493 1711 aberit‘l,
521 1668 562 1703 et
580 1657 691 1703 nihil
710 1656 806 1702 falsi
826 1674 873 1702 ex
891 1660 981 1716 ejus
1005 1675 1077 1706 ore
1101 1658 1299 1721 procedit
1315 1696 1326 1715 ,
1351 1670 1436 1706 tam
1459 1660 1541 1706 sibi
1565 1659 1681 1705 clau·

308 1746 401 1774 sum
420 1728 621 1791 deputat,
639 1727 672 1772 si
687 1727 741 1772 ad
757 1727 1100 1773 subveniendum
1116 1728 1281 1774 homini
1298 1746 1376 1793 per
1389 1730 1658 1776 mendacium
1669 1766 1679 1785 ‚

309 1815 441 1861 quam
467 1798 499 1843 si
525 1815 604 1861 per
630 1808 830 1860 stuprum
854 1798 1032 1843 transire
1059 1809 1251 1857 cogatur.
1284 1800 1340 1844 Et
1358 1801 1487 1845 Pater
1513 1799 1685 1846 exaudit

309 1879 537 1923 orantem,
573 1877 620 1912 ut
645 1866 787 1913 valeat
820 1867 908 1912 sine
932 1867 1158 1913 mendacio
1195 1868 1448 1924 subvenire,
1485 1870 1556 1915 cui
1592 1868 1686 1915 vult

314 1939 444 1983 Pater
466 1938 579 2001 ipse,
623 1940 747 1996 cujus
771 1937 1070 1982 inscrutabilia
1095 1947 1194 1982 sunt
1212 1937 1375 1996 judicia
1396 1975 1406 1993 ‚
1447 1939 1680 1985 subveniri.

315 2009 432 2054 Talis
453 2025 552 2068 ergo
574 2007 688 2052 filius
712 2007 770 2052 ita
788 2006 991 2053 observat
1009 2025 1031 2051 a
1055 2007 1302 2062 mendacio,
1323 2008 1434 2053 sicut
1448 2026 1468 2053 a
1487 2019 1680 2071 peccato.

316 2081 427 2125 Nam
451 2089 493 2124 et
515 2076 751 2141 aliquando
775 2077 991 2122 mendacii
1024 2094 1179 2122 nomen
1208 2095 1288 2140 pro
1318 2079 1487 2141 peccati
1518 2080 1689 2124 nomine

317 2148 496 2212 ponitur
525 2166 536 2193 ε
561 2147 676 2193 unde
695 2146 804 2192 illud
826 2158 889 2193 est
913 2164 923 2192 ε
952 2147 1139 2193 «Omnis
1159 2146 1292 2193 homo
1317 2147 1497 2194 mendax
1512 2149 1545 2195 2.
1574 2171 1593 2190 »
1619 2149 1690 2194 Sic

315 2218 427 2264 enim
450 2218 617 2264 dictum
646 2228 729 2273 est,
754 2227 960 2280 tanquam
981 2217 1197 2263 diceretur
1220 2236 1230 2263 :
1253 2218 1406 2264 Omnis
1430 2219 1562 2264 homo
1583 2236 1692 2282 pec-

318 2306 434 2336 cans.
469 2290 521 2333 Et
549 2287 657 2334 illud
686 2305 696 2332 t
730 2309 748 2328 «
770 2288 812 2333 Si
839 2298 981 2333 autem
1005 2288 1158 2333 veritas
1179 2289 1258 2334 Dei
1277 2289 1321 2334 in
1342 2306 1439 2334 mco
1467 2290 1691 2335 mendacio

319 2381 340 2402 »
365 2359 646 2406 abundavit3.
670 2381 691 2400 υ
714 2358 774 2404 Ac
799 2376 876 2422 per
897 2358 980 2404 hoc
1007 2377 1106 2404 cum
1134 2360 1342 2406 mentitur
1358 2370 1403 2405 ut
1418 2360 1568 2415 homo,
1591 2377 1693 2424 pec-

323 2442 392 2477 cat
418 2441 465 2476 ut
488 2431 621 2477 homo
637 2468 648 2486 ,
675 2440 719 2475 ct
748 2447 795 2475 ea
820 2430 1024 2475 sententia
1057 2430 1273 2475 tenebitur
1296 2448 1382 2493 qua
1408 2430 1576 2475 dictum
1597 2440 1658 2475 cst
1680 2448 1690 2475 ε

320 2523 342 2543 >>
364 2501 519 2547 Omnis
544 2501 679 2546 homo
708 2499 888 2546 mendax
909 2537 920 2557 ,
942 2521 962 2541 >>
994 2511 1035 2545 et
1069 2521 1088 2541 c<
1103 2501 1149 2545 Si
1173 2500 1403 2545 dixerimus
1420 2537 1431 2556 ,
1454 2501 1557 2564 quia
1581 2517 1692 2564 pec-

320 2592 339 2614 ι)
365 2583 510 2618 catum
535 2588 623 2618 non
647 2571 860 2617 habemus
882 2607 892 2626 ,
920 2587 997 2617 nos
1025 2571 1139 2635 ipsos
1161 2570 1430 2628 seducimus,
1463 2581 1506 2618 et
1533 2571 1693 2619 veritas

363 2656 732 2695 ¹1³1<0v.xx1x,27.—-
751 2652 858 2688 QPsat.
879 2664 952 2692 cxv,
977 2665 1090 2685 11.-
1107 2651 1224 2689 ³R0n».
1246 2666 1296 2691 ni,
1318 2667 1348 2695 ζ.

1756 1998 1758 2010 u
1756 1930 1758 1968 ⁴—
1755 1836 1758 1908 -.—-
1754 1591 1758 1823 ----.--..-
1754 1483 1758 1579 .—...-..
1753 1191 1758 1467 —--,-v-..-.-.-„-.-
1751 890 1758 1178 meu-..q-.-—-«—.
