1758 3246
298 328 350 358 DE
387 327 526 358 OPERI-1
563 327 892 359 MONACHOMM.
937 325 1017 359 ΜΒ.
1063 329 1091 358 Ι.
1294 309 1385 375 557

30 395 156 440 etiam
187 395 246 440 si(
280 394 558 457 operantibus
581 394 708 439 servis
740 393 841 440 Dei
876 395 1006 456 prior
999 412 1019 439 ιι
1052 404 1190 439 [lmen
1221 394 1390 452 negotii

32 466 247 529 ieliquisse
277 464 385 528 quid
412 465 562 542 piosit.
595 464 640 510 Si
669 465 779 510 enim
810 463 863 509 ad
892 464 1004 509 hane
1034 465 1165 509 xitam
1190 482 1236 509 ex
1263 465 1395 510 ‹lixite

33 537 262 598 quisquam
293 552 404 579 com
407 551 452 578 ei
458 545 576 590 titul
609 545 650 580 et
675 534 793 580 nulla
819 534 1066 578 ιιιῇιιιιίῑιιο
1096 535 1287 597 ‹ou-poris
1310 535 1397 579 im-

34 605 228 667 peditur,
256 604 333 649 ιιι-ι
317 621 388 649 -ne
414 571 648 666 desipimus
671 622 692 649 a
718 620 866 666 sapore
888 603 1070 658 Christi,
1095 614 1141 648 ut
1165 621 1250 648 non
1278 604 1402 648 iutel-

35 675 214 734 ligamus
245 684 433 737 quantus
467 674 684 737 superbiae
718 673 873 736 prioris
904 684 1048 719 tumor
1076 683 1274 729 sanetur,
1304 690 1403 718 cum

38 745 302 791 circumcisis
331 745 585 807 superfluis,
613 744 772 807 quibus
807 754 906 789 ante
936 745 1103 789 animus
1137 743 1407 789 exitiabiliter

37 815 411 871 inflammabatur,
433 814 487 859 ad
507 814 675 860 modica
697 831 795 877 quae
813 824 974 859 restant
990 814 1094 860 huic
1114 814 1215 859 vitae
1233 824 1407 859 natura-

38 885 135 930 liter
148 885 381 931 necessaria
396 885 522 930 etiam
542 885 710 948 opificis
728 885 950 930 humilitas
971 885 1146 930 minime
1158 887 1407 930 recusetur?

43 956 88 1001 Si
115 966 255 1001 autem
283 954 337 1000 ad
359 955 474 1001 hanc
497 957 631 1002 vitam
654 972 701 1000 ex
726 966 981 1018 paupertate
1010 956 1293 1011 convenitur,
1322 972 1410 1000 non

43 1035 166 1089 putet
188 1042 229 1070 se
252 1025 299 1071 id
326 1043 446 1085 agere
469 1025 587 1089 quod
607 1026 777 1085 agebat,
805 1026 838 1070 si
860 1026 914 1070 ab
943 1043 1086 1071 amore
1111 1025 1177 1071 vel
1201 1024 1408 1086 augendae

42 1094 453 1158 quantulaecumque
472 1095 531 1140 rei
555 1095 756 1157 privatae,
777 1098 868 1153 jam
888 1113 976 1141 non
995 1113 1192 1159 quaerens
1212 1113 1310 1159 quae
1334 1113 1410 1141 sua

44 1175 161 1220 sunt,
189 1164 262 1210 sed
285 1182 383 1227 quae
404 1166 507 1210 Jesu
527 1165 736 1221 (jin-istil,
764 1165 818 1210 ad
837 1166 1076 1211 communis
1099 1166 1197 1212 vitae
1216 1184 1257 1212 se
1276 1177 1412 1211 trans-

47 1233 145 1280 tulit
169 1234 442 1291 eharitatem,
470 1235 513 1280 in
538 1252 683 1280 eorum
711 1236 909 1280 societate
933 1236 1143 1292 victurus,
1170 1236 1330 1299 quibus
1352 1245 1415 1281 est

49 1305 191 1350 anima
211 1321 295 1350 una
316 1315 358 1349 et
380 1321 456 1350 cor
478 1322 614 1349 unum
643 1305 685 1349 in
709 1307 865 1360 Deum,
892 1305 951 1350 ita
973 1316 1021 1350 ut
1044 1323 1169 1351 nemo
1191 1306 1308 1351 dicat
1332 1304 1415 1351 ali-

49 1376 156 1440 quid
184 1376 432 1439 proprium,
457 1375 530 1420 sed
548 1376 634 1420 sint
652 1375 736 1421 illis
754 1376 895 1421 omnia
916 1377 1189 1421 (ῖοιιιιιιιιιιιιι2
1197 1376 1282 1423 .Si
1304 1377 1418 1422 enim

51 1447 183 1506 hujus
203 1457 378 1491 telrenae
400 1445 656 1507 ieipublicae
676 1446 840 1509 antiqui
854 1446 1072 1509 plincipes
1090 1445 1419 1509 praeclarissimo

52 1517 337 1563 litteratorum
360 1533 534 1562 suorum
556 1517 727 1580 eloquio
753 1517 984 1580 praedicari
1003 1517 1155 1574 solent,
1186 1518 1304 1582 quod
1329 1535 1420 1562 rem

55 1605 329 1634 communem
348 1587 535 1634 universi
561 1587 716 1651 populi
739 1605 827 1634 suae
847 1587 1031 1634 civitatis
1051 1589 1230 1651 privatis
1250 1589 1334 1634 suis
1351 1605 1423 1633 re·-

55 1659 138 1704 bus
160 1658 219 1704 sic
243 1658 587 1720 antoponebant‚
614 1667 661 1703 ut
681 1656 860 1720 quidam
888 1674 1034 1703 eorum
1065 1657 1206 1704 Africa
1236 1658 1425 1704 edomita

0 1749 1 1754 ¹
60 1727 402 1791 triumphator-⁰³,
439 1727 546 1791 quid
578 1729 762 1774 nubenti
794 1728 894 1773 filiae
927 1728 1049 1773 daret
1077 1745 1164 1774 non
1201 1728 1422 1781 habuerit,

60 1799 199 1844 nisiex
216 1798 608 1844 senatus-consulto
627 1798 680 1843 de
700 1798 883 1861 publico
902 1797 1125 1844 dotaretur
1147 1816 1156 1843 :
1177 1816 1264 1862 quo
1284 1799 1426 1844 animo

61 1868 191 1914 debet
207 1885 292 1913 esse
314 1869 358 1913 in
382 1867 698 1931 rempublicam
722 1885 838 1914 suam
861 1869 964 1913 civis
988 1879 1159 1914 aeternae
1182 1868 1297 1913 illius
1323 1868 1428 1913 civi-

63 1939 161 1985 tatis
176 1939 412 1984 Jerusalem
429 1939 630 1994 coelesfis,
651 1939 731 1984 nisi
752 1950 800 1984 ut
817 1939 925 1984 illud
943 1940 1085 2001 ipsum
1105 1939 1222 2002 quod
1240 1939 1430 2003 propriis

64 2010 264 2056 manibus
286 2009 495 2065 elaborat,
522 2009 567 2055 in
592 2026 821 2054 commune
848 2009 1008 2054 habeat
1031 2026 1131 2054 cum
1158 2009 1304 2065 fratre,
1334 2019 1375 2054 et
1398 2008 1433 2053 si

66 2080 172 2144 quid
196 2080 232 2125 ei
258 2079 457 2135 defuerit,
487 2080 540 2125 de
564 2080 784 2124 communi
807 2079 1031 2142 suppleat3
1065 2079 1210 2124 dicens
1233 2097 1333 2125 cum
1356 2078 1431 2124 illo

68 2155 138 2212 cuj
146 2168 193 2197 us
207 2161 479 2214 praeceptum
498 2149 827 2212 exemplumque
843 2160 1012 2195 secutus
1030 2160 1089 2195 est
1107 2167 1117 2195 ι
1134 2172 1154 2191 α
1173 2150 1304 2207 Quasi
1323 2148 1434 2194 nihil

69 2243 90 2264 »
111 2221 340 2277 habentes,
365 2232 406 2266 et
424 2221 570 2266 omnia
587 2219 894 2283 possidentes-¹⁸.
919 2241 938 2262 »

138 2292 347 2338 XXXIH.
391 2291 687 2347 Quamobrem
707 2291 835 2336 etiam
860 2290 922 2336 illi
944 2291 1019 2354 qui
1042 2291 1189 2336 relicta
1208 2290 1276 2336 vel
1299 2289 1439 2334 distri-

72 2363 180 2408 buta
196 2399 207 2419 ‚
234 2362 318 2407 sive
342 2361 511 2425 ampla,
543 2361 628 2406 sive
651 2361 960 2425 qualicumque
983 2361 1187 2424 opulenta
1213 2359 1435 2414 facultate,

74 2433 184 2478 inter
200 2449 411 2495 pauperes
432 2431 598 2477 Christi
615 2432 688 2495 pia
713 2443 753 2477 et
775 2431 936 2477 salubri
956 2431 1200 2476 humilitate
1224 2428 1442 2475 numerari

76 2502 335 2556 voluerunt3
365 2502 398 2547 si
422 2518 604 2565 corpore
626 2503 686 2547 ita
709 2501 868 2557 valent,
901 2511 942 2546 et
966 2501 1019 2546 ab
1048 2499 1340 2545 ecclesiasticis
1364 2515 1442 2543 oc-

128 2599 139 2621 ¹
155 2598 273 2642 Philip.
300 2609 338 2636 11,
366 2608 420 2630 21.
437 2615 476 2620 —
495 2595 595 2629 ²Act.
615 2608 661 2634 IV,
689 2599 742 2629 32.
770 2616 811 2622 —
830 2594 844 2619 3
859 2595 978 2639 Scipio,
995 2595 1078 2639 apud
1099 2595 1208 2629 Valer.
1230 2594 1284 2627 lib.
1300 2605 1344 2637 xv,
1362 2604 1387 2626 e.
1407 2600 1440 2638 4,

81 2658 111 2686 et
129 2655 206 2691 Zon,
227 2663 255 2686 2.
274 2657 305 2685 et
319 2653 430 2685 Sex-xeo.
447 2649 486 2684 ad
505 2650 652 2684 Albinam
671 2662 697 2684 c.
721 2662 772 2684 11.
792 2669 835 2699 -3
850 2648 863 2675 ⁴
880 2661 896 2683 2
915 2652 986 2684 Cor.
1006 2659 1050 2689 vr,
1071 2659 1122 2681 10.
