1758 3246
298 295 358 341 50
704 307 739 337 s,
782 306 1023 337 Aueusrmt
1060 307 1259 336 EPISCOPI

298 373 473 421 Domini
497 388 545 417 ex
567 370 763 433 utrisque
801 372 1054 416 testimoniis
1090 371 1164 416 illo
1188 371 1299 416 duce
1323 381 1451 434 atque
1476 370 1673 430 adjutore

298 444 526 502 dirigentes
544 478 555 497 ‚
583 457 661 486 nec
686 440 909 503 patientiae
937 441 1108 485 nomine
1142 451 1456 502 torpescamuS,
1487 457 1566 485 nec
1588 440 1674 484 ob—

295 523 418 559 tentu
437 509 673 570 diligentiae
703 510 945 556 saeviamus

362 583 486 629 Vlll.
529 580 625 625 Hac
644 596 743 638 ergo
760 579 1002 631 secundum
1026 597 1174 625 sanam
1196 579 1442 625 doctrinam
1471 579 1678 625 modera-

297 655 415 700 tione
435 661 599 698 servata
616 686 627 705 ‚
650 649 875 695 videamus
901 649 1179 711 undeagitur
1198 687 1209 705 ‚
1245 650 1290 694 id
1327 661 1389 694 est
1406 685 1418 705 ‚
1444 659 1593 694 utrum
1625 649 1679 695 ad

298 720 632 791 percipiendum
650 720 919 783 baptismum
943 721 1004 766 sic
1037 720 1295 766 admittendi
1326 730 1427 766 sunt
1454 718 1676 767 homines.

300 807 351 841 ut
365 784 485 841 nulla
502 791 567 836 ibi
584 789 734 850 vigilet
757 790 980 850 diligentia
995 828 1005 846 ‚
1027 808 1080 836 ne
1101 801 1301 847 sanctum
1323 789 1507 835 canibus
1531 787 1680 842 detur;

299 881 434 927 usque
459 862 564 908 adeo
585 870 633 905 ut
656 876 735 904 nec
769 860 1026 923 apertissimi
1063 860 1262 906 adulterii
1298 869 1616 923 perpetratores
1643 869 1685 903 et

302 939 392 994 ejus
413 928 745 996 perseverantiae
765 929 1026 989 professores
1047 949 1069 975 a
1089 940 1357 975 sacramento
1382 939 1514 973 tantae
1532 927 1686 973 sancti-

301 1005 399 1051 tatis
417 1001 649 1049 videantur
673 997 849 1043 arcendi
875 1015 884 1042 :
914 1014 1002 1060 quo
1023 1001 1112 1045 sine
1133 1000 1272 1046 dubio
1290 1017 1380 1045 non
1405 999 1683 1044 admitteren-

303 1088 392 1131 tur,
406 1073 441 1118 si
466 1088 543 1135 per
558 1070 676 1132 ipsos
699 1066 806 1123 dies,
827 1067 990 1130 quibus
1005 1070 1202 1114 eamdem
1217 1071 1400 1125 gratiam
1413 1068 1684 1132 percepturi,

305 1146 391 1192 suis
407 1139 661 1189 nominibus
681 1137 792 1182 datis
809 1174 819 1192 ‚
842 1137 1101 1182 abstinentia
1117 1174 1127 1189 ,
1144 1137 1338 1196 jejuniis,
1362 1137 1691 1199 exorcismisque

305 1223 577 1281 purgantur,
599 1225 698 1253 cum
725 1207 810 1252 suis
828 1206 1030 1266 legitimis
1046 1217 1089 1252 et
1108 1207 1219 1252 veris
1243 1206 1449 1252 uxoribus
1465 1222 1508 1250 se
1534 1222 1692 1251 concu-

309 1287 478 1332 bituros
517 1279 827 1344 profiterentur
841 1314 852 1332 ,
900 1287 1029 1339 atque
1066 1276 1199 1335 hujus
1239 1276 1301 1321 rei
1316 1313 1326 1332 ,
1370 1276 1569 1339 quamvis
1609 1275 1693 1321 alio

310 1368 506 1417 tempore
540 1350 674 1395 licitae
692 1384 703 1401 ‚
731 1347 886 1410 paucis
919 1346 1024 1409 ipsis
1056 1346 1322 1391 solemnibus
1351 1345 1505 1391 diebus
1529 1345 1694 1390 nullam

312 1420 627 1473 continentiam
647 1427 903 1463 servaturos.
941 1416 1177 1472 Quomodo
1205 1416 1336 1476 igitur
1363 1415 1420 1462 ad
1452 1415 1527 1460 illa
1546 1425 1694 1460 sancta

308 1509 513 1544 recusans
537 1488 850 1536 correctionem
886 1486 1055 1532 adulter
1082 1486 1327 1532 admittitur
1342 1523 1352 1542 ‚
1383 1502 1470 1549 quo
1494 1501 1695 1531 recusans

311 1561 657 1613 observationem
674 1573 763 1602 non
782 1555 1028 1600 admittitur
1046 1560 1144 1614 conj
1152 1558 1336 1614 ugatusP

379 1636 459 1682 IX.
485 1629 571 1677 Sed
588 1627 713 1692 prius
730 1663 742 1681 ,
762 1625 993 1689 inquiunt,
1019 1625 1297 1689 baptizetur;
1318 1623 1475 1670 deinde
1490 1623 1698 1669 doceatur
1757 1664 1758 1667 ,

318 1705 428 1772 quid
451 1702 506 1757 ad
535 1701 700 1746 bonam
731 1696 867 1743 vitam
895 1713 1123 1758 moresque
1152 1696 1381 1761 pertineat.
1406 1694 1489 1740 ‘Fit
1512 1694 1598 1740 hoc
1622 1694 1699 1739 ubi

316 1789 582 1844 quemquam
601 1771 712 1816 forte
737 1768 827 1813 dies
856 1778 979 1828 urget
1006 1778 1216 1813 extremus
1236 1804 1248 1824 ‚
1275 1777 1324 1812 ut
1347 1765 1403 1812 ad
1427 1765 1561 1811 verba
1583 1782 1700 1828 pau—

318 1847 515 1902 cissima,
541 1840 704 1907 quibus
721 1849 869 1903 tamen
886 1838 1033 1884 omnia
1056 1836 1336 1883 continentur
1359 1835 1509 1882 credat
1524 1872 1536 1892 ,
1563 1852 1702 1881 sacra-

319 1902 605 1976 mentumque
626 1909 845 1976 percipiat
855 1945 880 1971 ,7
904 1919 953 1954 ut
971 1909 1006 1954 si
1028 1925 1076 1954 ex
1093 1908 1180 1954 hac
1208 1909 1299 1954 vita
1320 1905 1616 1966 emigraverit,
1644 1905 1703 1950 li-

305 1975 501 2037 {eratus
521 1980 638 2027 exeat
659 1997 682 2038 a
700 1989 823 2023 reatu
839 1979 1166 2040 praeteritorum
1185 1975 1381 2022 omnium
1400 1985 1697 2039 peccatorum.

326 2060 374 2105 Si
411 2065 553 2102 autem
586 2064 714 2095 sanus
743 2047 884 2110 petit,
924 2048 1200 2110 spatiumque
1232 2045 1428 2091 discendi
1463 2056 1554 2101 est,
1586 2044 1707 2108 quod

329 2125 449 2177 aliud
483 2118 778 2185 opportunius
812 2127 985 2179 tempus
1023 2115 1200 2179 reperiri
1229 2125 1401 2178 potest,
1439 2131 1528 2177 quo
1562 2113 1708 2159 audiat

329 2190 702 2264 quemadmodum
723 2188 862 2234 fidelis
884 2188 976 2233 fieri
1001 2204 1051 2233 ac
1072 2187 1215 2233 vivere
1237 2186 1394 2232 debeat
1411 2222 1422 2242 ,
1445 2202 1579 2248 quam
1597 2184 1709 2230 illud

331 2285 433 2317 cum
453 2262 681 2311 attentiore
706 2258 852 2304 animo
874 2268 1002 2320 atque
1018 2259 1113 2320 ipsa
1139 2256 1345 2316 religione
1362 2272 1568 2318 suspenso
1591 2254 1710 2300 salu—

328 2337 533 2388 herrimae
554 2330 655 2377 fidei
679 2338 998 2374 sacramentum
1018 2327 1163 2390 petit?
1188 2327 1255 2372 An
1286 2342 1423 2388 usque
1448 2324 1553 2371 adeo
1583 2323 1712 2370 dissi-

332 2408 551 2457 mulamus
575 2420 598 2447 a
621 2400 814 2446 sensibus
837 2398 992 2443 nostris
1007 2435 1018 2454 ,
1041 2409 1088 2443 ut
1118 2397 1186 2444 vel
1211 2414 1288 2442 nos
1306 2397 1423 2459 ipsos
1442 2412 1531 2440 non
1564 2411 1713 2440 recor—

332 2481 486 2527 demur
515 2488 648 2536 quam
671 2469 879 2515 fuerimus
908 2468 1058 2513 attenti
1087 2478 1214 2530 atque
1241 2466 1413 2512 solliciti
1443 2465 1552 2528 quid
1588 2465 1714 2511 nobis

331 2548 622 2617 praeciperent
647 2560 669 2587 a
693 2540 856 2603 quibus
885 2539 1272 2585 catechizabamur
1289 2574 1300 2592 ‚
1328 2553 1429 2582 cum
1451 2535 1582 2581 fontis
1600 2535 1715 2580 illius

332 2626 598 2672 sacramenta
618 2623 861 2678 peteremus
875 2647 887 2667 ‚
908 2621 1036 2674 atque
1058 2610 1117 2656 ob
1137 2609 1225 2655 hoc
1251 2608 1560 2671 Competentes
1583 2606 1713 2651 etiam
