1758 3246
330 318 423 378 476
758 328 793 356 s.
837 324 1078 357 aucus-nm
1116 322 1315 354 Emscorr

330 394 510 456 quisque
530 392 780 445 mentiatur,
798 389 917 453 quod
937 390 968 434 si
989 387 1086 451 quis
1100 386 1348 441 crediderit,
1371 385 1572 433 adversus
1586 387 1697 435 doc·-
1748 417 1750 420 ·

328 461 484 505 trinam
514 459 679 505 Christi
701 458 933 504 haereticus
956 456 1037 500 erit
1062 472 1072 499 ε
1101 466 1221 499 tanto
1243 465 1306 499 est
1328 455 1551 500 nocentior
1573 473 1699 502 men-

330 531 452 585 tiens,
487 541 650 593 quanto
685 527 878 573 miserior
907 523 1098 571 credens.
1131 523 1239 569 Vide
1271 541 1370 584 ergo
1398 524 1525 587 quale
1561 525 1632 580 sit,
1663 526 1700 571 si

329 599 532 645 adversus
551 598 793 644 doctrinam
817 593 981 639 Christi
999 593 1167 638 mentiti
1186 591 1410 645 fuerimus,
1432 594 1553 657 quod
1575 594 1702 657 quis-

328 669 424 731 quis
456 667 688 714 crediderit
720 664 936 717 interibit,
968 673 1014 708 ut
1044 662 1240 707 inimicos
1265 663 1455 721 ejusdem
1486 664 1703 710 doctrinae

328 739 567 800 capiamus,
595 753 703 800 quos
727 734 781 780 ad
801 734 1041 785 veritatem,
1066 731 1172 776 dum
1197 748 1274 776 nos
1295 732 1350 777 ab
1369 750 1417 777 ea
1439 733 1699 788 recedimus,

330 808 616 861 adducamus,
642 806 833 851 imovero
855 819 955 848 cum
974 801 1200 846 mendaces
1219 802 1464 848 mentiendo
1483 803 1699 866 capimus,

326 876 552 921 mendacia
574 878 724 937 pejora
743 873 988 918 doceamus
1022 870 1153 916 Aliud
1177 882 1240 915 est
1265 872 1379 916 enim
1404 872 1523 934 quod
1545 872 1703 918 dicunt

328 945 503 1008 quando
528 944 814 997 mentiuntur,
851 940 970 986 aliud
994 939 1170 1003 quando
1200 939 1424 988 falluntur.
1463 943 1571 987 Nam
1600 959 1702 988 cum

329 1015 529 1060 haeresim
561 1031 681 1059 suam
717 1013 902 1065 docent,
930 1028 976 1056 ea
1003 1010 1158 1055 dieunt
1190 1010 1235 1055 in
1266 1010 1428 1073 quibus
1459 1011 1700 1057 falluntur:

329 1084 505 1147 quando
532 1094 675 1128 autem
706 1099 747 1128 se
779 1081 933 1126 dicunt
956 1080 1109 1125 sentire
1141 1079 1261 1142 quod
1286 1096 1372 1124 non
1394 1081 1602 1136 sentiunt,
1634 1081 1704 1128 vel

328 1172 416 1201 non
437 1153 591 1199 sentire
608 1152 727 1215 quod
752 1151 960 1205 sentiunt,
981 1167 1027 1195 ea
1054 1149 1208 1195 dicunt
1233 1149 1277 1194 in
1297 1149 1457 1212 quibus
1480 1151 1703 1196 mentiun-

331 1236 411 1270 tur.
449 1223 581 1280 Quod
600 1224 658 1268 eis
680 1221 878 1285 quisquis
914 1219 1070 1273 credit,
1096 1220 1172 1264 etsi
1201 1236 1270 1264 eos
1292 1236 1380 1265 non
1403 1220 1584 1275 invenit,
1611 1221 1705 1285 ipse

329 1312 416 1340 non
450 1294 576 1357 perit.
622 1293 653 1337 A
688 1290 831 1350 regula
860 1289 1027 1351 quippe
1053 1287 1271 1333 catholica
1306 1305 1393 1333 non
1423 1289 1601 1344 recedit,
1627 1291 1705 1353 qui

328 1364 587 1409 haereticum
618 1360 833 1406 catholica
869 1357 1070 1416 dogmata
1110 1356 1374 1402 mendaciter
1409 1359 1704 1420 profitentem,

329 1432 598 1478 catholicum
629 1429 794 1475 credit:
816 1443 865 1472 ac
896 1443 975 1489 per
1003 1426 1089 1471 hoc
1112 1442 1200 1470 non
1227 1435 1290 1469 est
1316 1426 1355 1470 ei
1382 1426 1673 1488 perniciosum
1689 1448 1705 1481 ς

328 1502 431 1564 quia
447 1502 491 1546 in
506 1499 696 1544 hominis
714 1506 854 1542 mente
873 1495 927 1539 de
946 1511 1031 1557 qua
1056 1494 1214 1539 latente
1227 1510 1314 1538 non
1331 1504 1471 1557 potest
1487 1495 1702 1555 judicare,

329 1587 416 1615 non
446 1571 490 1615 in
523 1568 604 1614 Dei
635 1567 801 1613 fallitur
830 1565 916 1611 fide
948 1581 1080 1626 quam
1114 1563 1245 1608 debet
1266 1563 1438 1610 insitam
1467 1565 1700 1613 custodire.

329 1640 466 1684 Porro
485 1649 627 1684 autem
650 1635 829 1699 quando
855 1633 1055 1679 haeresim
1079 1649 1198 1678 suam
1222 1632 1398 1688 docent,
1430 1634 1628 1697 quisquis
1647 1635 1708 1681 eis

330 1708 561 1754 crediderit
580 1705 777 1770 putando
809 1705 1032 1749 veritatem
1048 1739 1059 1759 ,
1084 1703 1165 1748 erit
1188 1703 1405 1766 particeps
1421 1740 1432 1758 ,
1460 1714 1507 1749 ut
1531 1705 1704 1762 erroris,

330 1779 390 1824 ita
407 1790 448 1823 et
468 1775 758 1823 damnationis
777 1774 966 1820 illorum.
1000 1773 1071 1818 Sic
1096 1773 1145 1817 fit
1170 1783 1217 1817 ut
1240 1789 1340 1818 eum
1366 1772 1427 1818 illi
1452 1790 1528 1819 sua
1547 1774 1708 1820 nefaria

332 1848 534 1908 dogmata
556 1846 833 1899 fabulantur,
858 1844 904 1889 in
936 1843 1096 1906 quibus
1120 1841 1341 1887 mortifero
1369 1859 1510 1888 errore
1544 1843 1708 1890 fallun-

330 1929 418 1971 tur,
441 1928 546 1962 tunc
569 1915 765 1979 quisquis
790 1913 1039 1967 crediderit,
1063 1922 1239 1974 pereat:
1263 1929 1339 1957 nos
1359 1922 1502 1957 autem
1523 1913 1703 1976 quando

331 1987 549 2032 catholica
573 1986 776 2045 dogmata
799 1982 1110 2046 praedicamus,
1138 1982 1182 2027 in
1200 1981 1363 2045 quibus
1389 1993 1550 2027 rectam
1576 1983 1708 2030 fidem
1755 1995 1758 2026 i

334 2067 543 2109 tenemus,
568 2066 672 2100 tunc
696 2054 730 2099 si
752 2052 1001 2106 crediderit,
1027 2052 1272 2097 inveniatur
1289 2051 1554 2114 quicumque
1571 2053 1708 2115 perie-

333 2138 415 2173 rat.
441 2125 629 2182 Quando
649 2140 767 2175 vero,
785 2139 885 2167 cum
905 2123 989 2167 sint
1009 2121 1365 2175 Priscillianistae,
1387 2132 1436 2166 ut
1453 2138 1528 2167 sua
1545 2138 1709 2168 venena
1754 2133 1758 2183 ξ

335 2214 422 2242 non
456 2195 669 2258 prodant,
696 2203 863 2237 nostros
885 2208 926 2236 se
950 2209 1036 2237 esse
1057 2192 1353 2244 mentiuntur3
1387 2191 1582 2255 quisquis
1606 2209 1709 2237 nos·
1756 2188 1758 2239 ἶ

336 2277 450 2311 trum
488 2264 547 2309 eis
581 2261 738 2313 credit,
779 2262 906 2306 etiam
942 2260 1027 2306 illis
1058 2260 1310 2314 latentibus,
1344 2260 1436 2323 ipse
1466 2260 1710 2306 catholicus

333 2344 576 2399 perseverat
598 2350 610 2377 z
630 2348 708 2376 nos
726 2340 894 2385 contra,
925 2340 970 2375 ut
987 2330 1041 2375 ad
1058 2346 1204 2375 eorum
1226 2329 1525 2392 perveniamus
1542 2329 1710 2389 indagi-

335 2421 453 2457 nem,
486 2403 520 2447 si
550 2400 893 2447 Priscillianistas
920 2416 998 2444 nos
1029 2404 1114 2444 esse
1142 2399 1402 2450 mentimur3
1433 2398 1535 2460 quia
1558 2414 1710 2444 eorum
1756 2415 1758 2463 ξ

336 2484 546 2536 tanquam
579 2481 724 2516 nostra
754 2485 902 2514 sumus
936 2468 1138 2528 dogmata
1167 2467 1404 2521 laudaturi,
1437 2466 1631 2529 quisquis
1661 2483 1711 2513 ea
1756 2466 1758 2499 ἕ

340 2541 590 2597 crediderit,
618 2550 693 2587 aut
715 2539 1051 2585 confirmabitur
1073 2537 1192 2601 apud
1213 2554 1310 2591 eos3
1334 2547 1410 2582 aut
1432 2535 1711 2583 transferetur
1756 2560 1758 2597 j

335 2612 388 2658 ad
430 2629 500 2658 eos
533 2610 703 2657 interim
736 2608 878 2656 statim
903 2625 914 2652 ε
937 2608 1044 2671 quid
1078 2618 1219 2653 autem
1257 2607 1365 2653 hora
1398 2616 1708 2669 superventura
1756 2608 1758 2647 l
