1758 3246
524 304 575 332 ne
613 303 859 341 nummum,
900 305 984 334 me.
1031 305 1057 335 1.
1380 287 1473 343 455

101 369 301 415 illicitum
327 367 491 432 aliquid
518 384 559 412 se
582 367 720 412 facere
744 367 1039 412 arbitraretur.
1067 370 1195 413 Posse
1217 378 1360 413 tamen
1377 368 1470 413 lau-

103 438 291 484 dabilius
314 456 400 484 non
427 438 518 483 fieri
535 473 545 491 ‚
572 437 616 481 in
642 437 833 499 apostolo
854 435 990 481 Paulo
1015 438 1113 481 satis
1130 437 1471 482 demonstratum

102 518 181 563 est,
194 509 269 572 qui
290 525 389 553 cum
407 507 592 552 diceret:
608 528 627 547 α
649 506 950 552 Communicet
970 517 1110 551 autem
1123 507 1173 563 is,
1192 508 1267 569 qui
1284 507 1476 553 catechi-

104 597 123 617 ν
140 589 263 623 zatur
281 578 433 632 verim,
456 577 511 630 ei,
535 577 608 638 qui
628 593 669 621 se
686 576 941 629 catechizat,
963 576 1005 620 in
1028 577 1230 620 omnibus
1250 576 1404 620 bonis1
1423 597 1434 629 ;
1457 598 1477 617 »

103 657 144 691 et
169 647 315 692 multis
347 646 452 691 locis
484 646 529 690 id
564 645 792 690 salubriter
815 645 907 689 fieri
946 645 1002 690 ab
1026 646 1084 690 eis
1108 646 1267 708 quibus
1290 646 1476 691 verbum

101 716 361 779 praedicaret
380 752 390 771 ‚
426 715 667 760 ostenderet
691 732 701 758 :
738 736 757 754 «
780 714 864 759 Sed
888 726 1029 760 tamen
1051 732 1128 774 ego
1146 752 1156 770 ‚
1186 714 1328 777 inquit
1343 751 1354 769 ,
1391 731 1479 759 non

103 807 124 827 ›>
145 802 240 831 sum
261 803 360 831 usus
377 786 462 830 hac
480 785 727 847 potestate2.
754 807 772 825 υ
795 786 1052 830 Potestatem
1073 803 1172 844 ergo
1188 784 1308 830 dedit
1330 784 1478 830 Domi-

102 871 182 900 nus
201 891 212 910 ,
233 872 332 900 cum
356 855 433 900 ista
453 854 642 909 diceret,
668 872 752 899 non
780 854 963 917 imperio
987 855 1251 901 constrinxit.
1284 857 1350 900 Ita
1380 854 1478 918 ple-

101 943 234 989 raque
253 926 298 970 in
322 926 464 971 verbis
482 925 717 984 intelligere
740 942 826 970 non
850 926 1037 972 valentes
1054 964 1064 981 ‚
1091 927 1136 972 iu
1159 926 1282 971 lactis
1311 936 1479 971 sancto-

103 1013 199 1041 rum
234 995 478 1054 colligimus
509 995 878 1057 quemadmodum
913 1007 1111 1059 oporteat
1142 996 1312 1058 accipi,
1357 994 1479 1058 quod

101 1064 228 1110 facile
251 1065 296 1109 in
320 1065 447 1110 aliam
476 1075 645 1126 partem
669 1065 902 1110 duceretur
919 1103 929 1121 ‚
969 1067 1048 1111 nisi
1073 1065 1266 1128 exemplo
1296 1082 1478 1110 revoca—

102 1145 234 1180 retur.

167 1204 331 1249 XXXI.
367 1204 439 1249 Sic
463 1221 562 1262 ergo
583 1203 702 1265 quod
721 1204 934 1266 scriptum
955 1215 1013 1248 est
1041 1222 1050 1247 :
1074 1225 1093 1245 «
1119 1205 1180 1250 Os
1199 1215 1342 1250 autem
1359 1203 1477 1266 quod

105 1294 125 1313 ›>
144 1273 353 1317 mentitur
369 1309 379 1325 ‚
406 1272 569 1317 occidit
587 1273 803 1318 animam³
825 1291 834 1316 :
860 1295 878 1313 »
899 1273 953 1317 de
972 1290 1059 1335 quo
1078 1291 1148 1317 ore
1166 1273 1336 1328 dixerit,
1359 1288 1477 1335 quee-

103 1343 225 1388 ritur.
258 1342 519 1405 Plerumque
538 1342 652 1386 euim
682 1343 909 1405 Scriptura
934 1359 1035 1387 cum
1062 1360 1108 1387 os
1129 1342 1262 1396 dicit,
1294 1359 1478 1404 concep-

105 1412 298 1457 taculum
315 1412 458 1474 ipsum
480 1411 623 1457 cordis
645 1412 859 1470 significat
879 1450 888 1467 ‚
914 1412 990 1457 ubi
1013 1413 1156 1475 placet
1171 1423 1211 1456 et
1231 1411 1479 1456 decernitur

103 1481 321 1545 quidquid
364 1481 494 1526 etiam
541 1499 620 1543 per
660 1499 835 1527 vocem.
881 1499 978 1526 cum
1024 1499 1173 1527 verum
1226 1481 1446 1543 loquimur
1463 1517 1474 1535 ‚

103 1553 354 1597 enuntiatur
377 1568 387 1595 ε
412 1562 459 1596 ut
479 1552 611 1596 corde
632 1552 866 1597 mentiatur
881 1587 891 1607 ‚
921 1553 992 1597 cui
1010 1552 1153 1614 placet
1177 1551 1474 1601 mendaciumn

104 1622 240 1685 possit
273 1632 416 1667 autem
452 1640 539 1668 non
576 1623 706 1668 corde
738 1622 939 1669 mentiri.
975 1624 1049 1686 qui
1082 1640 1160 1685 per
1182 1640 1334 1667 vocem
1361 1620 1477 1666 aliud

105 1709 237 1755 quam
257 1693 381 1737 estin
405 1693 549 1738 animo
575 1694 633 1738 ita
660 1693 855 1755 profert,
883 1704 930 1738 ut
955 1695 1127 1753 majoris
1160 1693 1259 1738 mali
1287 1691 1478 1737 evitandi

105 1779 231 1807 causa
257 1762 416 1809 malum
435 1780 476 1808 se
503 1763 726 1808 admittere
750 1764 916 1808 noverit
932 1801 942 1811 ,
977 1764 1046 1808 cui
1076 1774 1219 1807 tamen
1245 1774 1478 1824 utrumque

105 1832 318 1895 displicet.
349 1834 403 1877 Et
419 1834 496 1895 qui
519 1833 605 1878 hoc
631 1843 823 1878 asserunt
842 1870 852 1888 ‚
874 1833 933 1878 ita
960 1833 1115 1878 dicunt
1133 1833 1260 1877 etiam
1286 1832 1394 1877 illud
1414 1832 1478 1876 iu-

106 1901 384 1961 telligendum
407 1902 524 1965 quod
546 1903 757 1965 scriptum
776 1913 837 1947 est
861 1919 871 1946 t
894 1924 913 1942 c<
936 1903 1022 1957 Qui
1043 1903 1236 1965 loquitur
1256 1902 1479 1946 veritatem

106 1992 127 2012 ³>
144 1971 188 2016 in
212 1971 344 2017 corde
365 1972 470 2018 suo!⁸
493 1990 504 2017 ε
532 1994 550 2013 »
570 1973 672 2036 quia
693 1989 862 2035 semper
880 1973 925 2017 in
942 1973 1074 2017 corde
1088 1974 1242 2018 veritas
1263 1971 1479 2035 loquenda

105 2052 191 2096 est3
211 2052 308 2087 'non
335 2053 479 2087 autem
499 2060 668 2104 semper
700 2043 743 2087 in
766 2060 837 2087 ore
863 2044 1058 2106 corporis
1078 2079 1089 2098 ,
1123 2044 1157 2088 si
1184 2043 1327 2106 aliqua
1350 2059 1477 2088 causa

105 2112 287 2158 cavendi
315 2114 486 2172 majoris
514 2114 616 2158 mali
637 2113 753 2158 aliud
777 2131 906 2176 quam
932 2115 975 2159 iu
995 2115 1138 2159 animo
1161 2126 1223 2159 est
1241 2131 1346 2159 voce
1372 2130 1478 2176 pro-

105 2181 206 2227 ferri
230 2183 380 2241 exigat.
414 2185 469 2228 Et
489 2200 574 2227 esse
595 2183 770 2245 quidem
793 2202 839 2229 os
861 2184 1004 2228 cordis
1022 2220 1031 2233 ,
1065 2201 1110 2228 ex
1131 2184 1216 2228 lioc
1234 2188 1323 2243 jam
1349 2181 1482 2228 intel-

105 2250 179 2310 ligi
198 2262 362 2314 potest‚
387 2252 506 2314 quod
528 2252 605 2297 ubi
624 2252 786 2297 locutio
815 2264 876 2298 est
894 2289 903 2303 ,
934 2254 996 2298 ibi
1020 2271 1065 2298 os
1091 2271 1178 2298 non
1203 2251 1389 2298 absurde
1408 2252 1482 2297 iu-

107 2321 343 2381 telligitur:
372 2340 451 2367 nec
478 2333 591 2367 recte
616 2323 862 2368 diceretur:
895 2345 914 2364 «
941 2324 1029 2378 Qui
1056 2324 1249 2385 loquitur
1275 2323 1318 2367 in
1352 2322 1482 2368 corde

108 2412 127 2431 »
145 2408 247 2443 suo;
270 2413 289 2432 »
308 2391 389 2436 nisi
406 2402 448 2437 et
466 2411 512 2437 os
530 2392 574 2437 in
594 2393 724 2437 corde
743 2405 855 2438 recte
876 2394 1195 2452 intelligeretur.
1219 2394 1482 2456 Quanquam

106 2471 148 2506 et
170 2478 219 2505 eo
249 2460 345 2523 ipso
381 2461 507 2517 loco,
549 2463 624 2508 ubi
664 2463 876 2525 scriptum
911 2474 1004 2508 est:
1045 2486 1061 2502 a
1085 2464 1146 2507 Os
1184 2473 1324 2507 autem
1362 2462 1481 2526 quod

108 2551 129 2571 »
147 2530 378 2585 mentitur,
399 2532 563 2578 occidit
589 2532 775 2578 animam
802 2550 812 2576 ε
840 2556 859 2573 »
882 2533 916 2577 si
940 2532 1263 2578 circumstantia
1288 2531 1484 2577 lectionis

156 2613 165 2634 ¹
186 2613 279 2643 Galat
308 2615 392 2651 v1,6.
410 2632 452 2638 —
470 2613 484 2635 ²
510 2627 519 2645 ι
542 2617 613 2646 Cor.
636 2627 677 2653 xx,
701 2628 752 2648 12.
769 2633 814 2638 —
832 2614 845 2637 3
862 2620 936 2659 Sap.
953 2627 975 2653 1,
999 2628 1048 2647 11.
1074 2635 1113 2639 —
1135 2613 1148 2637 4
1165 2616 1243 2646 psal.
1265 2626 1332 2652 xiv,
1358 2617 1390 2648 3.
