1758 3246
1729 218 1733 282 l

1729 285 1734 330 ι

324 329 384 375 30
752 348 786 375 ⁵.
830 345 1070 376 AUGUSTINI
1106 347 1306 378 EPlsCOPI

330 417 550 454 execratur
571 409 803 472 Apostolus
837 427 906 455 eos
932 411 1007 472 qui
1035 412 1412 457 commutaverunt
1433 405 1698 475 gloriamlin-

321 477 618 540 corruptibilis
637 479 717 523 Dei
732 479 778 524 in
796 479 1121 525 similitudinem
1136 481 1432 543 corruptibilis
1454 479 1645 526 hominis
1657 481 1690 527 1.
1730 454 1734 507 ²

321 547 426 593 Tale
451 548 565 593 enim
589 548 866 594 simulacrum
884 550 974 595 Deo
999 550 1115 595 nefas
1135 561 1196 596 est
1220 551 1470 595 Christiano
1492 549 1538 595 in
1577 561 1695 606 tem·
1730 539 1735 575 ἑ

319 618 395 681 plo
407 619 644 672 collocare3
661 619 798 665 multo
817 616 952 680 magis
966 620 1012 665 in
1033 620 1161 666 corde
1178 619 1390 665 nefarium
1406 631 1468 664 est
1479 657 1490 676 ,
1507 619 1586 665 uhi
1601 610 1698 665 ve'rc
1731 639 1735 670 ι

320 699 382 733 θεῖ
421 688 635 751 templum
672 689 777 744 Dei,
810 689 845 734 si
878 707 901 734 a
935 699 1101 735 terrena
1129 688 1370 752 cupiditate
1404 699 1533 751 atque
1558 688 1699 734 errore
1731 685 1736 744 Ι

318 757 566 804 mundetur.
597 758 665 804 Ad
685 758 902 810 dexteram
922 776 1020 818 ergo
1047 757 1378 817 intelligendum
1414 768 1478 803 est
1507 757 1567 803 sic
1591 757 1692 803 dic-
1733 761 1736 811 ζ

316 839 410 873 tum
447 845 554 883 esse,
592 828 638 872 in
662 845 828 874 summa
850 828 1120 873 beatitudine
1136 864 1147 883 ‚
1182 827 1260 872 ubi
1279 827 1448 886 justitia
1479 837 1521 872 et
1544 843 1626 889 pax
1651 837 1694 872 et
1732 840 1736 861 τ

318 897 524 956 gaudium
543 907 626 942 est:
654 897 764 942 sicut
782 896 837 941 ad
859 897 1073 941 sinistram
1091 895 1219 940 hoedi
1238 895 1566 940 constituuntur
1585 896 1622 951 2,
1652 895 1695 940 id

318 976 398 1023 est,
423 966 468 1011 in
493 966 677 1022 miseria,
702 976 882 1029 propter
897 964 1164 1026 iniquitates,
1183 964 1354 1008 labores
1375 974 1503 1026 atque
1522 964 1696 1009 crucia-
1733 955 1736 985 ³

317 1045 401 1081 tus,
440 1035 594 1080 Sedere
622 1052 721 1095 ergo
754 1035 871 1097 quod
898 1034 1060 1079 dicitur
1099 1033 1216 1077 Deus
1235 1069 1246 1087 ‚
1289 1049 1377 1077 non
1400 1033 1697 1078 membrorum
1733 1040 1736 1049 ‘

317 1104 577 1166 positionem
596 1140 607 1160 ‚
633 1105 707 1150 sed
742 1103 1020 1163 judiciariam
1055 1103 1269 1161 significat
1294 1113 1551 1164 potestatem
1570 1140 1581 1158 ‚
1605 1119 1694 1166 qua

316 1173 391 1219 illa
417 1173 613 1231 majestas
651 1190 877 1236 nunquam
901 1184 1044 1227 caret,
1075 1189 1242 1233 semper
1273 1172 1404 1230 digna
1438 1172 1578 1232 dignis
1617 1172 1696 1217 tri·

321 1242 531 1295 buendo3
560 1243 759 1305 quamvis
785 1243 831 1288 in
855 1253 1040 1287 extremo
1072 1240 1241 1299 judicio
1272 1240 1411 1285 multo
1433 1241 1699 1286 manifestius
1733 1238 1736 1254 ’

318 1312 430 1356 inter
447 1310 646 1356 homines
669 1311 877 1370 unigeniti
904 1310 1000 1355 Filii
1034 1310 1115 1354 Dei
1134 1309 1295 1368 judicis
1328 1310 1529 1356 vivorum
1566 1319 1697 1374 atque
1734 1343 1738 1358 .

320 1391 592 1426 mortuorum
612 1380 781 1426 claritas
806 1380 1054 1425 indubitata
1070 1379 1218 1424 futura
1236 1380 1304 1425 sit.

385 1449 480 1496 XV.
506 1450 735 1495 Credimus
755 1450 884 1494 etiam
905 1448 1007 1494 inde
1031 1458 1263 1493 venturum
1293 1449 1698 1495 convenientissimo

316 1530 510 1582 tempore
530 1556 540 1575 ‚
568 1530 610 1564 θῖ
628 1519 931 1578 judicaturum
954 1518 1075 1563 vivos
1098 1528 1140 1561 et
1157 1527 1362 1563 mortuos.
1390 1518 1490 1564 Sive
1508 1517 1596 1563 istis
1611 1512 1696 1564 no-

316 1589 511 1634 minibus
524 1589 634 1649 jasti
657 1600 698 1634 et
735 1598 982 1651 peccatores
1009 1586 1335 1645 significentur3
1355 1587 1443 1632 sive
1465 1603 1574 1649 quos
1594 1597 1698 1633 tunc

317 1670 413 1705 ante
433 1661 614 1705 mortem
636 1660 682 1705 in
707 1658 829 1704 terris
853 1658 1105 1703 inventurus
1129 1666 1191 1701 est
1206 1693 1216 1710 ‚
1250 1655 1458 1718 appellati
1480 1656 1565 1701 sint
1586 1656 1692 1708 vivi,
1734 1685 1738 1700 .

317 1728 478 1774 mortui
505 1745 606 1774 Vero
642 1729 718 1791 qui
756 1728 801 1773 in
825 1730 914 1787 ejus
934 1725 1122 1771 adventu
1139 1725 1422 1770 resurrecturi
1447 1735 1573 1769 sunt:
1594 1725 1694 1770 h'aec

319 1798 582 1862 dispensatio
599 1797 846 1861 temporalis
859 1835 870 1853 ‚
887 1814 975 1842 non
988 1806 1160 1840 tantum
1171 1805 1233 1840 est
1249 1795 1361 1840 sicut
1380 1794 1451 1840 illa
1474 1796 1695 1854 generatio

315 1868 555 1914 secundum
575 1870 742 1923 Deum3
769 1868 841 1914 sed
868 1868 996 1912 etiam
1019 1866 1126 1921 fuit,
1147 1877 1189 1910 et
1214 1866 1308 1911 erit.
1354 1867 1466 1910 'Nam
1497 1865 1582 1910 fuit
1599 1866 1695 1911 Do-
1734 1883 1738 1894 *

315 1938 458 1983 minus
481 1938 679 1983 nosterin
699 1938 839 1994 terris,
857 1947 898 1983 et
911 1952 1027 1982 nunc
1051 1945 1113 1980 est
1130 1935 1174 1979 in
1195 1934 1325 1990 coelo,
1347 1945 1389 1979 et
1408 1934 1489 1978 erit
1504 1934 1550 1978 in
1563 1933 1695 1979 clari-
1735 1947 1738 1957 ·

323 2018 410 2052 tate
431 2008 767 2067 judexvivorum
795 2019 923 2070 atque
958 2015 1246 2051 mortuorum.
1281 2005 1347 2049 Ita
1384 2004 1498 2049 enim
1520 2005 1689 2059 veniet,

318 2078 429 2123 sicut
455 2078 663 2134 ascendit,
694 2078 933 2124 secundum
960 2076 1263 2122 auctoritatem
1310 2090 1408 2136 quae
1433 2074 1480 2118 in
1509 2074 1695 2119 Actibus
1735 2115 1738 2122 ,

316 2147 620 2210 Apostolorum
638 2148 881 2193 continetur
898 2147 929 2192 3.
961 2147 1020 2190 Ex
1042 2147 1128 2190 hac
1147 2145 1292 2206 itaque
1346 2142 1571 2206 temporali
1601 2143 1694 2188 dis-

311 2211 562 2274 pensatione
576 2212 770 2274 loquitur
782 2209 1118 2272 inApocalypsi,
1135 2208 1214 2253 ubi
1226 2208 1439 2269 scriptum
1447 2218 1511 2251 est
1524 2223 1534 2251 ε
1548 2228 1568 2248 c<
1582 2207 1692 2253 Haee

319 2302 340 2322 ›>
358 2281 467 2327 dicit
484 2282 559 2344 qui
583 2292 644 2326 est
662 2319 672 2337 ‚
699 2292 740 2327 θῖ
765 2281 841 2344 qui
859 2280 963 2335 fuit,
992 2290 1034 2324 et
1057 2278 1132 2341 qui
1151 2287 1361 2323 venturus
1384 2286 1445 2321 est
1461 2275 1495 2322 4.
1522 2297 1542 2318 »

379 2351 496 2397 XVI.
525 2351 694 2410 Digesta
735 2352 879 2413 itaque
919 2349 1022 2394 fidei
1045 2365 1127 2411 que
1154 2346 1456 2392 commendata
1481 2356 1523 2390 et
1542 2346 1692 2392 divina

321 2421 594 2483 ‘generatione
617 2421 791 2466 Domini
816 2421 950 2466 nostri
984 2429 1026 2464 et
1059 2419 1253 2463 humana
1276 2415 1592 2478 dispensatione
1611 2416 1694 2464 ad—

311 2493 510 2552 jungitur
530 2490 785 2537 confessioni
801 2500 959 2535 nostrae
978 2526 989 2543 ,
1014 2488 1068 2533 ad
1084 2485 1395 2550 perficiendam
1410 2485 1560 2541 fidem,
1587 2502 1688 2548 quae

317 2561 445 2607 nobis
462 2560 516 2606 de
536 2561 627 2607 Deo
663 2571 742 2618 est,
770 2560 958 2624 Spiritus
984 2567 1178 2613 sanctus,
1215 2573 1302 2601 non
1331 2555 1496 2600 minore
1534 2565 1690 2601 natura

365 2643 375 2665 ¹
395 2645 486 2676 Rom,
510 2653 536 2686 ι,
557 2644 613 2677 23.
626 2660 669 2668 —
683 2641 699 2665 ²
715 2641 832 2676 Matth-
851 2653 927 2682 xxv,
946 2642 1000 2675 35.
1016 2637 1088 2665 -3
1107 2641 1178 2674 Act.
1195 2650 1217 2678 1,
1243 2649 1358 2672 11.—-
1372 2635 1387 2662 ⁴
1402 2640 1507 2680 Apoc.
1525 2647 1551 2677 x,
1567 2638 1602 2670 8.
