1758 3246
607 346 962 379 ANNOTATIONES.
1385 337 1479 400 629

105 413 326 459 dz‘ocrz‘ter
351 411 491 458 malis
515 411 841 476 suff-agantur
862 412 929 457 ad
938 429 1103 476 poenoe
1125 417 1482 479 mitigationem.

106 485 219 531 Nam
237 484 293 529 ab
314 483 405 529 istis
421 482 721 528 mediocriter
741 483 879 528 malis
895 499 1073 546 prorsus
1097 487 1280 531 secernit
1310 504 1379 533 cos
1405 490 1482 551 qui

108 573 131 601 a
146 555 292 618 poenis
310 554 573 618 purgatoriis
596 554 682 601 sive
706 554 883 600 celerius
907 554 993 600 sivo
1012 555 1178 602 tardius
1200 558 1484 606 absolvuntur

106 643 184 690 per
215 625 420 672 Ecclesiae
449 642 614 688 preces,
654 625 932 688 appellatque
965 642 1112 671 omncs
1145 627 1280 687 hujus
1321 631 1486 688 generis

107 697 406 742 mediocriter
426 697 584 742 bonos.
608 696 693 741 Res
713 706 834 759 patet
852 696 1050 760 perlectis
1072 696 1237 743 ibidem
1257 700 1475 762 capitulis.

107 769 235 814 Solet
260 785 459 825 movere,
485 778 527 812 et
547 766 641 812 Sed
660 771 837 813 iterum.
861 767 978 813 Hinc
1003 768 1152 814 Glossa
1182 769 1227 814 in
1253 785 1298 825 2,
1329 789 1373 834 q.
1408 773 1461 819 13

106 855 204 902 cap.
249 842 455 901 Tempus
484 855 494 883 ι
521 837 620 883 haec
658 838 856 902 apposita
891 849 984 884 est:
1008 840 1311 885 Mediocriter
1343 843 1483 889 malis

100 919 306 973 prosunt
320 908 390 954 ad
406 909 497 954 lzoc
515 919 567 954 ut
582 912 739 954 minus
751 913 1029 972 puniantur,
1058 927 1302 974 nunquam
1327 922 1489 958 tamen

108 979 449 1025 liberabuntur.
478 982 564 1024 Pro
587 978 672 1024 hac
698 979 792 1043 ipsa
818 979 1023 1043 opinione
1046 979 1102 1026 ab
1129 980 1306 1027 Alberto
1333 983 1396 1030 M.
1427 983 1489 1029 ci-

108 1060 228 1096 tatur
244 1049 569 1113 Praepositivus.
597 1049 649 1094 In
672 1049 920 1096 Gellonensi
937 1049 1088 1096 codice
1110 1062 1358 1114 pervetusto
1376 1063 1491 1099 extat

110 1119 336 1184 iuscripta.
376 1124 525 1166 Missa
548 1136 643 1183 pro
678 1122 808 1182 cujus
844 1122 1011 1166 anima
1042 1121 1294 1178 dubitatum
1333 1122 1380 1168 in
1405 1139 1492 1186 qua

108 1189 262 1237 isthaec
274 1190 435 1250 legitur
454 1190 607 1237 Oratio
630 1207 640 1235 :
667 1192 981 1254 Omnipotens
998 1202 1045 1237 et
1057 1193 1320 1238 misericors
1336 1197 1487 1250 Deus,

109 1265 196 1324 qui
226 1260 373 1307 habes
399 1271 694 1324 potestatem
725 1263 1026 1322 mortificare,
1068 1272 1112 1307 et
1146 1266 1311 1308 iterum
1341 1265 1495 1324 vivifi-

109 1348 247 1386 care;
283 1330 513 1377 deducere
542 1331 611 1375 ad
640 1333 834 1390 inferos,
872 1343 919 1376 et
952 1332 1124 1377 iterum
1158 1333 1331 1378 reduce
1342 1351 1419 1391 re‚·
1452 1345 1499 1380 et

109 1419 256 1448 vocas
277 1418 335 1447 ea
356 1418 464 1465 quoe
484 1418 577 1446 non
593 1412 722 1458 sunt,
745 1412 973 1465 tanquam
990 1419 1048 1447 ea
1064 1419 1174 1466 quse
1190 1414 1303 1449 sunt
1314 1422 1330 1459 ,·
1359 1406 1495 1466 cujus

103 1483 313 1536 potestas
330 1482 374 1517 et
391 1473 438 1516 in
461 1471 580 1517 coelo
600 1480 644 1516 et
663 1475 709 1516 in
731 1482 868 1527 terra,
897 1482 944 1517 et
967 1476 1016 1516 in
1042 1474 1172 1517 mari
1190 1484 1236 1518 et
1258 1475 1309 1518 in
1329 1474 1495 1534 inserts

102 1544 255 1608 plena
276 1546 475 1588 assistit:
495 1554 538 1587 te
572 1542 776 1588 humiles
800 1553 1146 1606 trementesque
1176 1544 1496 1607 deprecamur

100 1631 200 1679 pro
233 1617 398 1660 anima
422 1613 602 1671 famuli
644 1618 730 1669 tui,
775 1631 922 1677 quam
965 1615 1157 1659 traxisti
1180 1613 1238 1659 de
1262 1620 1497 1677 praesenti

112 1684 288 1731 soeculo
325 1683 502 1747 absque
521 1687 810 1747 paenitentia
837 1686 992 1747 spatio
1006 1719 1019 1739 ‚
1058 1694 1110 1728 ut
1136 1685 1180 1729 si
1190 1685 1404 1742 forsitan
1435 1685 1495 1731 ob

108 1759 397 1818 gravitatem
433 1758 683 1800 criminum
709 1772 806 1800 non
834 1765 1042 1800 meretur
1065 1771 1256 1817 surgere
1295 1756 1364 1800 ad
1391 1756 1497 1818 glo-

113 1830 253 1882 riam,
279 1842 371 1888 per
391 1825 485 1870 lza’c
510 1826 916 1871 sacrceoblactom‘s
939 1825 1189 1882 libamina,
1221 1825 1304 1871 vel
1324 1826 1499 1872 tolera-

116 1895 230 1941 bilia
239 1897 372 1956 fiant
399 1898 504 1957 ι’μςα
529 1907 778 1943 tormenta.
804 1895 1079 1943 Adrevaldus
1098 1895 1176 1942 lib.
1204 1894 1258 1941 de
1278 1896 1500 1942 miraculis

115 1965 253 2012 sancti
275 1965 517 2022 Benedicti,
549 1983 647 2030 cap.
678 1982 776 2024 xm,
800 1966 955 2012 scribit
979 1965 1268 2012 Floriacenses
1289 1983 1372 2029 pro
1404 1966 1502 2012 ani-

116 2035 273 2082 mabus
294 2035 559 2100 praedonum
582 2037 630 2082 in
650 2035 741 2083 acie
768 2052 982 2083 caesorum
1004 2052 1153 2100 preces
1182 2035 1236 2081 ad
1260 2036 1500 2082 Dominum

115 2103 305 2152 fudisse:
331 2109 579 2167 Quatenus
597 2108 687 2152 etsi
703 2110 949 2171 perpetuis
972 2123 1071 2152 non
1101 2117 1396 2152 mererentur
1420 2106 1500 2151 ab·

116 2175 234 2222 solvi
263 2177 568 2232 cruciatibus,
601 2176 770 2224 saltem
806 2175 1073 2224 minoribus
1107 2176 1448 2222 mulctarentur
1470 2192 1501 2221 α

119 2250 280 2294 stricto
307 2246 471 2294 ¹Iudice
491 2251 664 2311 poem's.

483 2397 744 2431 ΑΝΝοΤΑΤιο
780 2383 850 2448 (6)
887 2399 988 2446 pag.
1032 2382 1139 2429 266.

189 2505 263 2553 Sic
292 2507 348 2553 ad
377 2507 621 2555 Publicolae
645 2509 929 2573 quaestionem
952 2508 1005 2556 de
1030 2509 1193 2556 viatore
1222 2505 1462 2554 christiano
1482 2545 1494 2564 ‚

124 2576 242 2624 victo
261 2577 385 2625 famis
403 2580 670 2638 necessitate,
694 2579 730 2626 si
747 2580 862 2627 nihil
880 2579 1050 2643 uspiam
1073 2578 1301 2634 invenerit,
1330 2577 1413 2623 nisi
1435 2578 1503 2625 ci-

125 2646 236 2694 bum
256 2647 304 2695 in
332 2648 467 2696 idolio
488 2651 706 2714 positum,
735 2650 814 2699 ubi
838 2650 984 2700 nullus
1014 2649 1123 2697 alius
1150 2659 1215 2696 est
1250 2647 1504 2705 hominum,
