1758 3246
0 1834 2 1895 i

0 1902 2 1948 ι

294 296 348 327 DE
386 294 552 326 SANCTA
586 291 873 325 valNITATE
896 315 907 335 9
946 296 1034 325 LIB.
1077 296 1108 326 Ι.
1313 279 1404 345 287

36 372 200 408 sanctas
219 360 418 407 foeminas
432 397 443 416 ‚
465 360 671 423 quoniam
691 371 790 405 sunt
806 359 868 405 illi
894 360 938 404 in
963 360 1129 405 coelesti
1151 359 1406 407 haereditate

36 431 297 477 cohaeredes.
328 434 466 476 Mater
498 434 588 489 ejus
614 440 676 475 est
700 441 790 475 tota
814 429 1004 475 Ecclesia
1022 467 1033 485 ‚
1072 430 1175 492 quia
1211 432 1408 478 membra

35 506 148 562 erS‚
175 501 222 546 id
243 511 306 546 est
323 537 334 556 ‚
356 499 504 545 fideles
524 504 615 560 ejus
634 517 714 562 per
737 501 815 545 Dei
839 499 1021 559 gratiam
1044 500 1138 562 ipsa
1159 501 1310 563 utique
1332 520 1409 565 pa-

34 572 105 618 rit.
136 573 246 616 Item
265 581 399 615 mater
422 573 513 629 ejus
536 580 599 615 est
618 569 757 615 omnis
774 569 916 614 anima
937 569 1012 631 pia
1031 605 1042 625 ‚
1068 568 1230 615 faciens
1249 570 1410 616 volun-

35 652 166 686 tatem
184 639 324 685 Patris
336 641 427 698 ejus
447 639 772 685 foecundissima
788 639 1001 684 charitate
1017 675 1028 694 ,
1051 639 1094 685 in
1112 639 1164 684 iis
1183 657 1292 702 quos
1311 658 1410 702 par-

36 711 166 766 turit,
201 709 339 755 donec
374 707 421 754 in
443 710 501 754 eis
530 710 623 772 ipse
654 708 907 755 formetur1.
952 709 1091 754 Maria
1127 727 1228 769 ergo
1251 710 1412 756 faciens

33 781 302 827 voluntatem
329 779 431 835 Dei,
453 780 739 843 corporaliter
763 779 930 824 Christi
952 780 1256 826 tantummodo
1277 792 1417 827 mater

34 860 124 903 est,
149 849 400 912 spiritaliter
423 860 568 895 autem
585 860 628 894 et
646 866 767 895 soror
788 859 830 893 et
854 859 1004 895 mater.

100 921 174 966 Vl.
217 921 280 965 Ac
310 937 389 982 per
417 919 504 965 hoc
535 919 608 964 illa
628 937 714 964 una
737 919 942 975 foemina,
962 937 1050 964 non
1066 919 1204 965 solum
1225 921 1380 983 spiritu
1397 958 1408 976 ‚

35 990 315 1037 verumetiam
350 1006 532 1051 corpore
548 1025 558 1044 ,
593 999 635 1034 et
667 999 804 1034 mater
844 999 906 1033 est
942 998 985 1033 et
1012 989 1148 1047 virgo,
1186 990 1243 1033 Et
1278 1000 1414 1035 mater

36 1060 214 1123 quidem
236 1059 392 1122 spiritu
410 1096 421 1115 ‚
447 1076 534 1104 non
553 1060 710 1121 capitis
728 1059 885 1113 nostri,
915 1058 1035 1119 quod
1058 1069 1120 1102 est
1140 1059 1232 1120 ipse
1257 1059 1412 1104 Salva-

35 1141 104 1175 tor
119 1167 129 1184 ,
153 1147 202 1175 ex
219 1146 307 1192 quo
326 1129 462 1188 magis
484 1128 557 1173 illa
582 1129 835 1188 spiritaliter
865 1137 965 1171 nata
987 1127 1076 1171 est2
1094 1147 1105 1179 3
1137 1129 1240 1189 quia
1268 1146 1415 1174 omnes

36 1201 113 1263 qui
134 1201 181 1246 in
203 1217 302 1244 eum
326 1198 620 1247 crediderint,
646 1197 693 1240 in
715 1197 878 1258 quibus
905 1207 946 1240 et
965 1196 1058 1258 ipsa
1083 1208 1146 1241 est
1161 1234 1171 1252 ‚
1196 1210 1310 1243 recte
1334 1199 1415 1244 filii

36 1270 182 1332 sponsi
206 1267 480 1330 appellantur
501 1283 512 1311 ε
548 1266 621 1311 sed
647 1266 778 1329 plane
803 1277 942 1311 mater
970 1267 1266 1312 membrorum
1294 1273 1384 1327 eJ'us
1399 1307 1410 1325 ,

37 1338 156 1401 quod
180 1354 258 1382 nos
277 1353 424 1381 sumus
442 1356 454 1389 ;
481 1336 584 1398 quia
604 1347 836 1398 cooperata
853 1346 914 1380 est
938 1336 1175 1391 charitate,
1195 1348 1244 1382 ut
1270 1338 1418 1383 fideles

35 1410 82 1455 in
103 1408 292 1453 Ecclesia
313 1417 591 1452 nascerentur
605 1444 615 1462 ,
638 1424 738 1470 quae
757 1407 872 1452 illius
891 1407 1046 1470 capitis
1063 1408 1259 1452 membra
1279 1419 1378 1454 sunt
1403 1426 1413 1453 :

37 1495 217 1541 corpore
237 1494 337 1523 Vero
361 1477 496 1540 ipsius
512 1477 668 1540 capitis
690 1487 837 1521 mater.
869 1477 1117 1539 Oportebat
1141 1478 1254 1522 enim
1279 1490 1416 1542 caput

36 1559 231 1594 nostrum
259 1557 440 1610 propter
478 1547 643 1606 insigne
674 1546 934 1591 miraculum
974 1547 1214 1591 secundum
1241 1564 1415 1593 carnem

36 1618 154 1664 nasci
177 1617 230 1663 de
254 1617 420 1676 virgine
435 1653 446 1672 ,
467 1633 554 1678 quo
580 1616 841 1675 significaret
858 1615 1053 1660 membra
1078 1633 1153 1661 sua
1174 1616 1228 1661 de
1248 1617 1414 1676 virgine

37 1687 230 1733 Ecclesia
253 1686 491 1732 secundum
509 1686 711 1748 spiritum
742 1685 973 1730 nascitura.
1015 1685 1115 1730 Sola
1142 1702 1242 1744 ergo
1274 1687 1413 1731 Maria

37 1768 79 1803 et
98 1757 255 1820 spiritu
278 1767 320 1801 et
342 1773 525 1818 corpore
544 1766 681 1800 mater
696 1764 738 1800 et
757 1755 876 1813 virgo
892 1791 902 1809 ,
933 1765 974 1799 et
998 1767 1135 1799 mater
1160 1755 1353 1811 Christi,
1375 1767 1417 1800 et

42 1829 164 1888 virgo
191 1827 357 1872 Christi
380 1845 391 1872 :
421 1826 612 1872 Ecclesia
630 1825 796 1871 veroin
825 1825 982 1869 sanctis
1003 1842 1183 1884 regnum
1207 1827 1286 1871 Dei
1309 1843 1416 1889 pos-

45 1899 216 1945 sessuris
231 1935 242 1954 ,
266 1897 420 1960 spiritu
438 1896 617 1960 quidem
634 1906 723 1942 tota
748 1905 885 1940 mater
904 1895 1069 1940 Christi
1088 1906 1166 1951 est,
1186 1906 1277 1941 tota
1295 1897 1417 1954 virgo

0 1958 3 2038 Ι
46 1968 235 2021 Christi;
251 1983 434 2030 corpore
457 1977 600 2011 autem
615 1982 705 2010 non
725 1975 832 2019 tota,
857 1964 930 2009 sed
947 1966 993 2009 in
1012 1965 1276 2026 quibusdam
1294 1966 1419 2025 virgo

48 2037 241 2093 Christi,
268 2038 315 2082 in
339 2035 604 2099 quibusdam
630 2045 767 2079 mater
782 2071 793 2089 ,
819 2033 892 2079 sed
916 2051 1004 2079 non
1027 2034 1206 2081 Christi.
1236 2037 1292 2080 Et
1308 2053 1419 2081 con-

43 2114 205 2170 jugatae
235 2108 400 2170 quippe
437 2105 582 2151 fideles
604 2105 799 2151 foeminae
829 2115 872 2149 et
889 2105 1074 2163 virgines
1110 2106 1201 2150 Deo
1229 2106 1387 2151 dicatae
1404 2143 1415 2162 ,

47 2179 202 2226 sanctis
225 2178 421 2224 moribus
443 2187 485 2221 et
509 2176 718 2221 charitate
740 2174 794 2220 de
812 2174 942 2220 corde
960 2192 1072 2238 puro
1097 2186 1139 2219 et
1156 2176 1419 2221 conscientia

46 2250 163 2296 bona
191 2260 233 2294 et
261 2248 346 2293 fide
373 2264 460 2292 non
483 2248 583 2291 ficta
602 2283 612 2301 ,
638 2245 741 2308 quia
762 2244 1032 2290 voluntatem
1060 2246 1201 2291 Patris
1226 2246 1415 2301 faciunt,

49 2320 216 2366 Christi
238 2318 489 2382 spiritaliter
513 2327 670 2362 matres
698 2315 838 2362 sunt3.
882 2319 996 2372 Quae
1034 2327 1176 2361 autem
1205 2315 1423 2376 conjugali

48 2391 137 2437 vita
158 2387 439 2452 corporaliter
456 2387 636 2450 pariunt
651 2423 663 2442 ‚
684 2403 774 2431 non
793 2385 1022 2431 Christum
1045 2423 1055 2442 ‚
1083 2386 1156 2431 sed
1179 2386 1316 2431 Adam
1344 2403 1422 2448 pa-

49 2460 192 2516 riunt,
229 2469 272 2504 et
305 2458 404 2504 ideo
447 2467 630 2503 currunt
660 2467 711 2502 ut
741 2456 1028 2501 Sacramentis
1060 2456 1222 2501 imbuti
1255 2455 1422 2501 Christi

72 2564 74 2566 ’
98 2568 110 2593 ¹
129 2566 234 2599 Galat.
250 2576 294 2607 xv,
313 2576 367 2607 ¹9·
385 2583 430 2590 —
446 2562 661 2609 ²Mauh.1x‚
682 2564 793 2596 15.—
807 2559 823 2586 3
840 2574 856 2594 ι
876 2563 959 2595 Tim.
975 2563 1047 2602 1,·5.
