1758 3246
269 265 357 320 425!
695 276 728 305 s.
772 273 1012 305 ,inausum
1049 272 1248 304 Emscom

269 342 568 389 absorbeatur.
612 341 679 386 Ad
717 351 951 386 extremum
980 351 1123 385 tamen
1157 341 1407 386 sententiam
1446 351 1635 387 nostram

266 412 388 457 velut
409 410 566 456 certior
582 409 741 470 indago
760 409 1115 473 comprehendet.
1149 410 1201 455 ln
1225 427 1310 474 qua
1340 410 1372 455 si
1391 409 1504 456 ullus
1521 427 1637 456 error

268 493 330 528 est
348 518 359 536 ‚
393 497 494 526 cum
522 481 578 525 ab
608 480 726 526 omni
757 497 897 525 errore
924 479 1079 524 veritas
1103 479 1279 535 liberet,
1302 490 1429 543 atque
1453 480 1498 525 in
1521 480 1640 525 omni

268 568 410 598 errore
428 551 589 596 falsitas
608 550 830 613 implicet,
862 566 1087 612 nunquam
1113 550 1244 594 errari
1270 550 1401 595 tutius
1420 550 1637 603 existimo,

268 639 398 685 quam
432 638 531 667 cum
564 621 609 666 in
637 637 782 666 amore
804 621 938 665 nimio
960 619 1152 664 veritatis
1182 630 1223 663 et
1252 620 1479 679 rejectione
1510 619 1643 665 nimia

269 692 464 738 falsitatis
484 701 664 736 erratur.
697 690 784 745 Qui
802 690 916 734 enim
937 706 1078 734 severe
1099 689 1422 751 reprehendunt
1441 727 1452 744 ,
1475 690 1563 735 1106
1579 689 1643 735 111-

270 762 407 807 mium
446 760 601 805 dicunt
636 775 722 804 esse
753 776 764 803 ε
798 759 891 821 ipsa
927 769 1070 803 autem
1104 759 1258 803 veritas
1290 758 1465 804 fortasse
1498 758 1644 804 adhue

271 832 389 878 dicat
413 848 423 874 ε
452 829 658 875 Nondum
675 866 686 884 ‚
711 839 771 873 est
795 829 908 873 satis.
942 829 1053 874 Sane
1076 829 1272 891 quisquis
1292 829 1418 887 legiS‚
1441 828 1551 873 nihil
1575 844 1645 873 re-

270 899 515 964 prehendas
535 936 545 953 ,
575 898 656 944 11151
680 915 782 943 611111
811 909 949 943 10111111
974 897 1148 957 legeris3
1173 908 1300 961 atque
1326 898 1385 942 ita
1414 898 1556 943 miuus
1577 914 1647 942 re-

271 969 528 1034 prehendes.
573 968 808 1031 Eloquium
831 967 919 1013 noli
952 984 1144 1030 quaerere
1176 985 1186 1012 :
1226 967 1412 1013 multum
1449 967 1563 1013 enim
1596 966 1649 1012 de

272 1041 402 1085 rebus
423 1038 719 1084 laboravimus
736 1075 746 1093 ,
779 1048 821 1083 61
849 1037 901 1082 (16
932 1038 1146 1083 celeritate
1177 1037 1427 1083 absolvendi
1458 1048 1546 1082 tam
1572 1053 1650 1082 ne-

274 1109 444 1156 cessarii
475 1108 743 1172 quotidianae
780 1108 882 1153 vitae
918 1109 1076 1170 Operis
1111 1126 1121 1152 :
1160 1107 1275 1153 unde
1308 1118 1383 1153 aut
1409 1107 1546 1153 tenuis
1578 1118 1652 1152 aut

275 1197 411 1243 prope
435 1179 554 1225 nulla
577 1179 661 1223 fuit
688 1179 815 1223 1101115
840 1196 944 1223 cura
961 1179 1211 1225 verborum.

341 1251 400 1297 ll.
444 1249 645 1312 Exceptis
670 1248 804 1308 igitur
825 1248 936 1307 jocis
955 1285 965 1301 ‚
998 1265 1097 1310 quae
1131 1265 1355 1311 nunquam
1380 1260 1478 1295 sunt
1501 1260 1654 1312 putata

277 1319 505 1367 mendacia
524 1337 535 1364 ε
552 1318 719 1364 habent
733 1319 846 1364 enim
863 1318 1227 1363 evidentissimam
1241 1335 1288 1364 ex
1302 1320 1654 1382 pronuntiatione

279 1402 408 1455 atque
431 1391 525 1454 ipso
549 1389 737 1449 jocantis
768 1389 924 1434 affectu
944 1388 1300 1447 significationem
1328 1389 1460 1434 animi
1486 1406 1654 1453 nequa—

271 1477 410 1525 quam
450 1459 662 1513 fallentis,
695 1457 771 1503 etsi
802 1475 891 1502 non
925 1474 1025 1503 vera
1048 1459 1346 1503 enuntiantis:
1383 1475 1470 1522 quo
1507 1477 1656 1519 genere

280 1541 426 1576 utrum
461 1529 515 1573 sit
543 1527 753 1573 utendum
791 1527 988 1590 perfectis
1014 1528 1166 1573 animis
1184 1565 1194 1583 ,
1231 1527 1314 1574 alia
1345 1530 1527 1591 quaestio
1553 1540 1652 1589 pest.

280 1617 412 1664 quam
438 1598 570 1644 modo
593 1597 867 1643 enodandam
893 1615 980 1643 non
998 1599 1264 1661 suscepimus
1296 1616 1307 1643 :
1342 1599 1526 1663 exceptis
1559 1616 1657 1660 ergo

270 1670 390 1733 jocis
405 1706 416 1725 ‚
438 1669 562 1732 prius
586 1667 800 1727 agendum
822 1678 907 1724 est,
928 1685 981 1713 ne
1004 1668 1178 1714 mentiri
1200 1669 1460 1714 existimetur
1476 1670 1553 1733 qui
1571 1686 1658 1714 non

286 1750 507 1786 mentitur.

349 1812 432 1858 Ill.
476 1810 760 1873 Quapropter
784 1809 1020 1855 videndum
1048 1819 1110 1854 est
1128 1846 1139 1865 ‚
1164 1809 1272 1872 quid
1291 1810 1346 1855 sit
1364 1809 1653 1856 mendacium.

285 1883 385 1928 Non
412 1880 525 1926 enim
552 1880 692 1926 omnis
713 1880 789 1943 qui
813 1879 969 1925 falsum
990 1879 1098 1925 dicit
1123 1880 1331 1925 mentitur
1349 1917 1360 1936 ,
1383 1881 1416 1926 51
1437 1880 1575 1926 credit
1593 1890 1670 1926 aut

286 1952 495 2015 opinatur
515 1967 665 1995 verum
689 1966 774 1994 esse
799 1949 920 2013 quod
946 1949 1069 1995 dicit.
1101 1951 1219 1994 'Inter
1243 1950 1416 1996 credere
1442 1961 1585 1995 autem
1607 1959 1668 1994 at-

290 2038 374 2084 que
398 2020 570 2083 opinari
595 2020 681 2065 hoc
701 2018 833 2064 distat
856 2056 866 2073 ,
895 2019 1015 2082 quod
1036 2019 1271 2082 aliquando
1294 2019 1365 2064 ille
1397 2019 1471 2082 qui
1501 2018 1665 2075 credit,

290 2091 417 2137 sentit
452 2107 494 2134 se
525 2090 723 2148 ignorare
755 2089 874 2152 quod
907 2089 1046 2134 credit
1065 2126 1075 2143 ‚
1113 2090 1309 2153 quamvis
1330 2089 1383 2135 de
1409 2107 1453 2135 re
1471 2106 1604 2152 quam
1628 2106 1670 2135 se

290 2161 486 2221 ignorare
509 2160 632 2204 novit
658 2160 835 2204 omnino
852 2176 938 2205 non
951 2159 1142 2214 dubitet,
1160 2160 1301 2205 sicam
1317 2159 1556 2205 firmissime
1576 2175 1669 2205 cre-

289 2231 356 2277 dit
373 2251 385 2283 3
406 2230 481 2293 qui
502 2239 643 2275 autem
663 2229 885 2292 opinatur,
911 2240 1037 2293 putat
1051 2247 1092 2275 se
1111 2230 1218 2275 scire
1234 2230 1354 2294 quod
1370 2230 1519 2277 nescit.
1544 2229 1672 2286 Quis-

291 2300 389 2364 quis
423 2310 563 2345 autem
591 2300 677 2344 hoc
707 2300 904 2344 enuntiat
927 2299 1046 2362 quod
1079 2299 1145 2345 vel
1170 2300 1383 2345 creditum
1409 2299 1577 2354 animo,
1603 2298 1671 2344 vel

292 2370 520 2433 opinatum
550 2379 666 2414 tenet
683 2406 693 2423 ,
735 2369 901 2414 etiamsi
933 2369 1086 2415 falsum
1109 2371 1185 2425 511,
1213 2387 1299 2415 11011
1322 2370 1543 2415 mentitur.
1575 2369 1670 2414 Hoc

294 2440 407 2486 enim
427 2439 558 2484 debet
572 2439 880 2485 enuntiationis
905 2457 993 2485 suae
1010 2440 1137 2495 fidei,
1161 2450 1209 2485 ut
1226 2439 1337 2484 illud
1355 2456 1436 2502 per
1455 2456 1549 2484 eam
1569 2455 1671 2502 pro-

292 2510 427 2564 ferat,
455 2508 575 2571 quod
607 2509 753 2554 animo
786 2520 924 2566 tenet,
958 2520 999 2554 et
1026 2509 1086 2554 sic
1115 2509 1250 2554 habet
1287 2519 1335 2554 ut
1360 2507 1540 2572 profert.
1582 2509 1670 2553 Nec

292 2578 390 2626 ideo
413 2589 556 2623 tamen
576 2578 665 2623 51116
683 2580 789 2625 vitio
807 2589 891 2636 est,
919 2580 1117 2643 quamvis
1141 2596 1226 2624 11011
1247 2579 1478 2625 mentiatur
1497 2614 1507 2633 ‚
1540 2577 1574 2624 51
1599 2587 1666 2625 aut
