1758 3246
288 301 342 331 DE
379 301 494 331 cum
529 296 736 330 Gnaeum
773 298 858 330 Pno
893 298 1107 342 momnis,
1147 302 1233 333 L113.
1280 307 1306 335 1.
1415 289 1508 336 615

137 377 310 428 agente,
339 366 425 412 sive
442 365 709 419 somniante,
739 375 786 409 et
807 364 916 409 nihil
947 364 1000 410 de
1033 365 1148 412 illius
1187 369 1301 414 curis
1331 369 1508 417 omnino

135 447 327 483 curante.
359 435 594 492 Quomodo
618 436 724 481 fiant
740 435 818 480 ista
837 471 847 488 ,
870 435 1013 479 nescio
1039 453 1048 479 :
1077 437 1148 482 sed
1174 440 1509 500 quomodolibet

135 504 267 563 fiant,
292 523 370 552 cur
386 524 474 551 non
492 506 641 551 eodem
662 505 793 551 modo
817 505 910 550 fieri
934 504 1179 560 eredimus3
1209 509 1319 554 utin
1346 511 1508 556 somnis

133 578 315 641 ‘quisque
338 577 482 623 videat
503 587 722 622 mortuum
745 613 756 632 ,
790 575 1011 638 quomodo
1047 577 1097 620 fit
1121 587 1169 621 ut
1195 578 1338 624 videat
1365 591 1407 625 et
1439 581 1508 626 vi·-

131 651 258 694 Vum?
273 648 487 693 ambobus
504 647 654 710 utique
667 646 973 701 nescientibus,
989 662 1128 710 neque
1137 649 1394 695 curantibus
1410 652 1507 714 quis

131 719 196 764 vel
221 719 298 764 ubi
321 719 387 765 vel
410 718 586 781 quando
609 734 756 763 eorum
777 717 980 777 imagines
1000 719 1213 764 somniet?

194 789 312 835 XlV.
356 788 519 833 Similia
543 798 643 833 sunt
668 798 810 832 autem
839 787 1016 832 somniis
1038 788 1249 834 nonnulla
1269 790 1400 835 etiam
1420 791 1510 836 visa

128 859 428 919 vigilantium,
460 859 535 921 qui
555 860 751 904 turbatos
776 858 941 914 habent
964 876 1110 904 sensus
1127 896 1137 914 ,
1166 860 1280 905 sicut
1308 861 1504 924 phrene-

127 930 201 975 tici
223 966 234 983 ‚
250 930 316 975 vel
335 946 610 993 quocumque
628 929 814 975 furentes
838 928 970 974 modo
993 949 1004 983 ;
1031 947 1130 975 nam
1149 941 1190 975 et
1208 931 1293 993 ipsi
1314 931 1503 995 loquun-

127 1010 199 1046 tur
222 1008 363 1046 secum
382 1001 505 1064 quasi
527 1017 624 1046 vere
644 1000 932 1064 praesentibus
951 1000 1204 1064 loquantur,
1231 1013 1272 1047 et
1293 1012 1380 1048 tam
1401 1020 1503 1048 cum

126 1071 379 1117 absentibus
410 1088 538 1135 quam
576 1088 677 1117 cum
720 1072 1031 1135 praesentibus,
1075 1089 1263 1135 quorum
1296 1073 1501 1133 imagines

125 1152 333 1197 cernunt,
364 1143 450 1187 sive
474 1142 674 1187 vivorum
697 1179 706 1195 ‚
741 1142 828 1186 sive
856 1152 1144 1189 mortuorum.
1177 1142 1261 1188 Sed
1285 1144 1502 1207 quemad-

121 1211 304 1256 modum
331 1213 360 1257 ii
385 1212 461 1274 qui
490 1212 667 1266 vivunt,
693 1211 747 1256 ab
767 1212 824 1256 eis
840 1229 881 1256 se
898 1211 1059 1268 videri,
1080 1223 1239 1259 etcum
1264 1214 1321 1259 eis
1345 1231 1386 1259 se
1403 1214 1499 1259 col-

121 1281 241 1344 loqui
268 1283 467 1327 nesciunt
484 1319 494 1337 ,
531 1299 670 1344 neque
694 1283 807 1327 enim
827 1299 971 1327 revera
990 1284 1071 1345 ipsi
1101 1283 1259 1328 adsunt
1282 1321 1293 1339 ,
1322 1294 1395 1329 aut
1414 1286 1497 1347 ipsi

116 1352 483 1407 sermocinantur,
511 1352 582 1397 secl
602 1352 787 1397 turbatis
812 1352 1005 1397 sensibus
1042 1353 1238 1398 homines
1275 1354 1373 1399 talia
1409 1355 1499 1400 visa

120 1423 373 1483 imaginaria
395 1424 625 1486 patiuntur
647 1440 657 1467 :
683 1440 732 1468 eo
755 1423 885 1468 modo
909 1433 951 1468 et
976 1423 1005 1467 ii
1029 1423 1105 1486 qui
1128 1441 1175 1469 ex
1196 1424 1279 1469 hac
1303 1425 1497 1471 1711111111-

120 1504 320 1553 grarunt,
346 1493 406 1538 sic
429 1493 589 1538 affectis
609 1493 865 1538 hominibus
883 1492 1086 1538 videntur
1104 1495 1224 1557 quasi
1243 1506 1493 1557 praesentes,

119 1561 219 1609 cum
243 1564 328 1609 sint
349 1564 566 1618 absentes,
594 1574 636 1609 et
660 1575 806 1609 utrum
833 1563 986 1627 aliquis
1010 1581 1080 1609 eos
1106 1565 1392 1624 imaginaliter
1419 1566 1490 1611 vi-

118 1633 216 1678 deat
233 1654 244 1689 ,
271 1633 447 1678 0111111110
465 1633 717 1680 nescientes.

181 1703 275 1750 XV.
318 1704 434 1749 Huic
468 1703 527 1749 rei
554 1704 691 1749 simile
723 1714 785 1749 est
815 1703 942 1749 etiam
978 1702 1086 1748 illud
1106 1741 1117 1760 ,
1153 1721 1254 1750 cum
1285 1704 1487 1751 homines

117 1775 242 1820 altius
261 1791 393 1839 quam
423 1775 458 1820 si
482 1774 748 1830 dormirent,
777 1774 1102 1820 subtrahuntur
1125 1775 1320 1838 corporis
1358 1777 1490 1821 sensi-

114 1845 197 1890 bus
215 1882 226 1901 ,
254 1856 296 1890 et
319 1854 595 1908 occupantur
618 1845 780 1892 talibus
803 1845 916 1891 visis.
950 1846 1006 1889 Et
1034 1845 1102 1890 his
1137 1846 1250 1891 enim
1277 1858 1492 1909 apparent

113 1914 409 1974 imaginesxix
413 1932 536 1960 orum
561 1926 688 1978 atque
724 1926 1026 1968 mortuorum3
1071 1915 1143 1960 sed
1184 1933 1286 1960 cum
1328 1917 1491 1962 fuerint

113 1962 305 2031 sensibus
326 1985 522 2039 redditi
544 2002 848 2048 quoscumque
874 1996 1069 2032 mortuos
1104 1985 1261 2032 vidisse
1298 2004 1339 2032 se
1368 1987 1490 2033 dixe-

92 2055 222 2112 'rint,
246 2073 342 2101 vere
363 2073 461 2101 cum
483 2056 541 2101 eis
566 2055 696 2100 fuisse
721 2056 1001 2102 cleduntur.
1025 2074 1103 2102 nec
1122 2056 1351 2102 attendunt
1374 2059 1489 2121 ,qui

112 2125 209 2172 haee
230 2126 441 2183 audiunt,
469 2126 664 2171 similiter
689 2126 745 2171 ab
772 2127 828 2172 eis
854 2127 1099 2172 absentium
1132 2137 1261 2190 atque
1290 2129 1484 2173 nescien-

111 2197 219 2250 tium
253 2164 544 2261 quorunidam
587 2197 714 2242 etiam
750 2197 957 2257 imagines
991 2198 1101 2243 visas
1139 2214 1226 2242 esse
1262 2198 1476 2246 vivorum.

87 2274 90 2278 ’
111 2268 254 2313 Homo
269 2267 445 2331 quidam
456 2305 466 2319 ,
480 2271 491 2310 (
504 2270 640 2312 lurma
655 2269 845 2323 nomine,
864 2268 1094 2331 municipii
1109 2267 1355 2324 Tulliensis,
1369 2269 1491 2333 quod

87 2338 309 2402 'Hipponi
342 2338 587 2400 proximum
619 2348 707 2393 est,
744 2339 919 2384 curialis
942 2355 1129 2402 pauper,
1157 2337 1225 2383 vix
1249 2338 1364 2384 illius
1401 2340 1487 2387 loci

87 2408 460 2453 ‘duumviralitius
485 2418 526 2453 et
546 2408 800 2471 simpliciter
823 2410 1084 2464 rusticanus,
1111 2425 1210 2453 cum
1239 2420 1484 2467 aegrotaret,

91 2478 278 2523 ‘ablatus
300 2497 319 2523 a
347 2478 540 2522 sensibus
557 2515 566 2532 ,
590 2495 700 2541 pene
729 2478 1078 2538 mortuusjacuit
1109 2478 1277 2541 aliquot
1299 2478 1452 2525 diebus
1473 2499 1483 2526 ε

112 2549 381 2594 tenuissimus
406 2549 537 2593 ssatus
556 2549 597 2592 in
624 2549 830 2602 naribus,
856 2551 931 2612 qui
959 2566 1088 2593 manu
1118 2548 1290 2593 admota
1314 2560 1484 2596 utcum-

81 2629 84 2632 “
109 2635 193 2682 que
221 2618 506 2667 sentiebatur.
530 2629 573 2664 et
589 2629 679 2665 erat
701 2620 901 2679 exiguum
924 2619 1107 2666 viventis
1128 2617 1341 2665 indicium
1366 2657 1376 2677 ,
1415 2639 1485 2668 se-
