1758 3246
59 349 358 381 ENCHIRIDION
394 348 449 378 DE
484 348 604 387 FIDE,
641 347 716 376 SPE
751 345 804 376 ET
839 345 1105 389 CHARITATE,
1135 351 1220 380 Llss.
1265 354 1292 381 Ι.
1343 351 1420 382 121

58 416 150 478 ipse
174 425 217 459 et
241 416 370 459 Pater
393 429 529 458 unum
550 410 702 465 sunt13
726 411 772 456 in
794 421 1008 473 quantum
1030 423 1171 459 autem
1187 415 1319 461 homo
1343 425 1427 472 est,

59 485 188 529 Pater
204 486 341 542 major
358 492 420 527 est
432 481 549 528 illo5.
583 481 696 527 Cum
721 481 834 526 enim
865 491 970 525 esset
995 481 1150 526 unicus
1172 485 1247 529 Dei
1270 485 1402 531 Filius
1417 522 1428 539 ‚

61 569 145 599 uon
177 553 336 613 gratia,
378 552 450 597 sed
485 562 667 596 natura.
708 561 756 596 ut
789 561 893 596 esset
928 551 1054 596 etiam
1084 551 1238 614 plenus
1271 555 1429 613 gratia,

0 639 3 679 ξ
58 623 197 669 factus
222 632 284 667 est
318 633 360 667 et
389 622 579 668 hominis
611 621 725 667 filius
749 639 759 666 :
785 620 988 684 idemque
1021 621 1112 684 ipse
1131 632 1363 686 utrumque
1387 641 1433 669 ex

62 704 243 755 utroque
268 709 380 737 unus
420 691 634 737 Christus.
669 711 687 727 fe
715 691 830 746 Quia
855 707 955 735 eum
981 690 1025 735 in
1042 689 1183 735 forma
1204 692 1282 737 Dei
1307 703 1429 746 esset,

60 784 81 804 )>
99 780 184 808 non
209 762 408 824 rapinam
428 761 662 806 arbitratus
692 771 780 815 est,
817 759 938 822 quod
968 769 1123 804 natura
1145 771 1260 816 erat,
1281 761 1328 806 id
1344 771 1406 806 est
1420 798 1431 815 ,

59 854 80 874 »
102 849 188 877 esse
214 831 392 894 aequalis
418 831 523 876 Deo.
554 830 801 875 Exinanivit
825 841 968 875 autem
999 847 1040 874 se
1056 867 1068 885 ,
1098 830 1312 894 accipiens
1342 830 1436 876 for-

59 923 79 943 »
98 918 213 946 mam
236 900 376 945 servi³
395 938 405 956 ‚
429 922 449 941 »
475 917 563 945 non
586 900 785 945 amittens
811 900 879 945 vel
912 899 1109 945 minuens
1132 899 1316 946 formam
1335 901 1429 947 Dei.

0 972 2 978 ’
58 971 122 1017 Ae
137 986 215 1033 per
231 969 318 1015 hoe
337 981 379 1015 et
395 970 538 1015 minor
557 980 619 1014 est
641 967 796 1025 faetus,
814 980 856 1014 et
872 970 1030 1015 mansit
1051 970 1245 1034 aequalis,
1270 981 1438 1017 utrum-

57 1056 144 1103 que
169 1056 303 1094 unus,
331 1040 443 1085 sieut
468 1040 635 1085 dictum
657 1051 719 1084 cst
743 1057 754 1084 ε
782 1040 853 1085 sed
880 1040 1000 1085 aliud
1019 1052 1199 1104 propter
1221 1041 1434 1097 Verbum,

57 1109 174 1155 aliud
197 1120 381 1173 propter
397 1111 621 1155 hominem
647 1127 657 1153 z
681 1121 861 1173 propter
881 1111 1074 1155 Verbum
1095 1111 1277 1174 aequalis
1297 1112 1436 1167 Patri,

55 1190 237 1243 propter
259 1180 485 1224 hominem
506 1179 662 1225 minor.
694 1180 814 1224 Unus
842 1179 923 1224 Dei
946 1180 1078 1225 Filius
1095 1217 1105 1235 ‚
1133 1181 1336 1243 idemque
1360 1181 1440 1226 ho-

57 1250 183 1294 minis
212 1249 354 1301 filius3
395 1266 506 1294 unus
533 1248 724 1293 hominis
756 1249 897 1303 filius,
929 1248 1133 1311 idemque
1167 1250 1246 1294 Dei
1270 1250 1438 1296 Filius:

0 1322 1 1332 ¹
59 1336 146 1365 non
171 1318 260 1364 duo
291 1319 370 1364 fitii
404 1319 486 1364 Dei
514 1319 631 1363 Deus
655 1328 695 1362 et
725 1319 887 1374 homo,
921 1319 993 1364 sed
1025 1335 1137 1364 unus
1165 1320 1244 1364 Dei
1276 1320 1441 1366 Filius:

61 1389 175 1435 Deus
204 1390 294 1435 sine
323 1390 447 1435 initio
464 1426 475 1445 ,
509 1389 644 1434 homo
668 1406 691 1433 a
724 1400 841 1435 certo
871 1389 997 1435 initio
1015 1427 1027 1445 ,
1055 1390 1271 1437 Dominus
1297 1402 1442 1438 noster

59 1460 180 1506 Jesus
207 1460 421 1507 Christus,

124 1531 202 1577 XI.
256 1531 341 1576 Hic
376 1531 554 1577 omnino
595 1531 814 1591 granditer
850 1540 891 1575 et
931 1530 1152 1576 evidenter
1191 1533 1273 1578 Dei
1309 1534 1446 1593 gratia

59 1601 404 1647 commendatur.
453 1600 574 1657 Quid
608 1602 724 1646 enim
763 1612 915 1645 natura
952 1599 1146 1646 humana
1185 1603 1230 1647 in
1266 1602 1444 1649 homine

60 1671 239 1716 Christo
264 1671 423 1715 meruit
439 1707 450 1725 ‚
491 1680 539 1715 ut
566 1671 611 1715 in
637 1671 846 1715 unitatem
878 1687 1075 1732 personae
1097 1671 1214 1716 unici
1241 1672 1338 1717 Filii
1360 1673 1441 1719 Dei

59 1741 332 1801 singulariter
352 1751 460 1785 esset
485 1744 735 1804 assumpta?
766 1741 878 1795 Quae
915 1740 1031 1785 bona
1062 1740 1291 1798 voluntas,
1321 1747 1445 1803 eujus

63 1811 170 1857 boni
192 1811 406 1875 propositi
427 1811 621 1856 studium
641 1848 651 1866 ‚
679 1828 780 1874 quae
802 1811 919 1857 bona
948 1828 1079 1873 opera
1102 1825 1441 1874 praecesserunt,

63 1881 225 1944 quibus
244 1890 480 1926 mereretur
503 1881 580 1925 iste
596 1880 730 1925 homo
747 1917 758 1934 ‚
780 1897 865 1924 una
885 1880 977 1925 fieri
994 1897 1177 1943 persona
1199 1897 1300 1926 cum
1320 1883 1445 1928 Deo'?

62 1950 286 2013 Numquid
305 1960 427 1995 antea
445 1950 528 1995 fuit
546 1950 678 1995 homo
698 1987 709 2006 ‚
731 1960 773 1995 et
791 1949 877 1995 boe
898 1949 932 1994 ei
952 1949 1166 2008 singulare
1183 1950 1445 1998 beneficium

60 2022 303 2086 praestitum
341 2032 430 2075 est,
470 2037 569 2066 eum
604 2020 879 2080 singulariter
915 2031 1234 2083 promereretur
1269 2022 1443 2067 Deum?

63 2093 228 2155 iNempe
253 2108 300 2136 ex
336 2108 424 2154 quo
455 2109 542 2136 esse
572 2091 705 2136 homo
735 2090 901 2153 coepit,
929 2107 1016 2134 non
1049 2089 1165 2135 aliud
1198 2093 1338 2154 eoepit
1360 2110 1447 2139 esse

61 2162 195 2208 homo
216 2179 344 2225 quam
377 2162 448 2206 Dei
471 2161 602 2207 Filius
624 2179 633 2206 :
662 2172 703 2205 et
730 2161 815 2206 hoe
835 2160 988 2206 unicus
1007 2198 1017 2210 ,
1037 2170 1080 2205 et
1100 2173 1282 2224 propter
1302 2163 1443 2209 Deum

61 2232 284 2286 Verbum,
323 2231 441 2294 quod
476 2231 551 2276 illo
587 2241 787 2294 suscepto
826 2247 926 2276 earo
970 2230 1132 2275 factum
1169 2242 1256 2285 est,
1295 2233 1443 2296 utique

62 2303 177 2347 Deus
199 2320 210 2346 ε
236 2312 284 2347 ut
302 2301 673 2365 quemadmodum
696 2312 756 2346 est
778 2318 861 2346 una
882 2318 1064 2364 persona
1085 2301 1270 2364 quilibet
1288 2302 1438 2357 homo,

63 2372 204 2418 anima
227 2372 390 2417 scilieet
409 2371 629 2416 rationalis
646 2382 687 2416 et
706 2389 807 2416 earo
821 2408 830 2425 ‚
855 2371 914 2415 ita
932 2371 986 2415 sit
1008 2371 1209 2415 Christus
1229 2388 1313 2416 una
1334 2389 1442 2434 per-

63 2459 191 2497 sona,
228 2442 421 2488 Verbum
463 2452 503 2486 et
536 2442 683 2488 homo.
720 2441 846 2486 Unde
883 2452 1051 2486 naturae
1086 2441 1289 2485 humanae
1324 2451 1446 2488 tanta

62 2513 194 2573 gloria
214 2549 224 2567 ,
268 2512 398 2558 nullis
442 2512 791 2576 praecedentibus
833 2512 994 2557 meritis
1035 2512 1124 2556 sine
1166 2511 1442 2558 dubitatione

64 2585 271 2644 gratuita,
295 2584 377 2629 nisi
400 2584 503 2647 quia
531 2601 684 2644 magna
708 2584 780 2628 hie
805 2593 847 2628 et
867 2583 955 2627 sola
993 2581 1071 2626 Dei
1107 2581 1241 2640 gratia
1271 2580 1459 2628 fideliter

110 2668 118 2688 ¹
137 2668 232 2698 Joan.
253 2678 285 2703 ς,
306 2668 418 2698 30..›-
441 2664 455 2686 ‘³
476 2666 508 2696 td
540 2677 604 2700 xxv„
626 2668 678 2696 28.
700 2684 743 2688 »-
761 2664 774 2687 3
790 2665 903 2706 Philip.
926 2676 965 2703 11,
987 2665 1018 2694 6,
1042 2676 1072 2702 .'·
