1758 3246
253 240 344 297 342
675 263 709 291 s,
752 262 993 296 auersum
1028 269 1229 300 EPlSCoPI

317 325 394 370 IX.
426 326 552 372 Disce
571 328 716 392 itaque
750 330 917 377 bonum
953 343 1108 390 tuum,
1139 336 1227 380 imo
1256 348 1474 383 memento
1498 340 1618 402 quod

253 392 466 452 didicisti,
490 396 658 445 bonum
686 411 810 446 tuum
836 401 936 464 plus
969 403 1160 460 laudari,
1187 407 1290 469 quia
1313 417 1375 451 est
1397 406 1516 453 aliud
1538 409 1624 454 bo-

250 479 356 509 num
381 483 468 529 quo
493 468 647 515 sithoc
671 471 823 517 melius
840 508 849 523 ,
870 490 1002 534 quam
1028 475 1059 519 si
1087 475 1208 520 aliter
1231 477 1317 522 hoc
1352 477 1520 523 bonum
1538 494 1625 523 esse

248 549 337 578 non
354 548 521 596 posset,
549 540 630 585 nisi
646 540 754 586 illud
781 542 944 586 malum
965 555 1088 595 esset,
1114 547 1475 592 automninonon
1493 557 1612 594 esset.

246 601 423 650 Habent
443 607 559 653 oculi
578 609 622 654 in
637 627 819 672 corpore
833 628 1037 670 magnum
1054 613 1263 659 honorem
1280 652 1290 670 ‚
1319 616 1390 660 sed
1412 616 1622 661 minorem

238 671 477 732 haherent,
501 679 536 724 si
551 680 627 724 soli
645 692 781 725 essent
804 691 844 725 et
866 682 947 726 alia
980 683 1157 729 minoris
1202 684 1380 730 honoris
1423 685 1622 731 membra

238 759 326 789 non
351 758 500 794 essent.
526 750 577 794 In
601 750 714 795 coelo
730 751 825 813 ipso
849 769 924 797 sua
942 752 1039 798 luce
1057 754 1119 798 sol
1140 754 1290 799 lunam
1317 766 1508 817 superat,
1532 772 1621 800 non

239 812 459 875 vituperat
483 835 494 862 ε
518 829 560 862 et
582 819 702 864 stella
726 820 781 865 ab
802 821 922 865 stella
957 821 1100 867 differt
1119 823 1166 868 in
1190 824 1327 882 gloria
1345 823 1381 879 1,
1409 841 1496 869 non
1525 823 1620 869 dis-

236 882 346 928 sidet
369 885 414 930 in
437 889 655 950 superbia.
686 890 789 935 Ideo
808 911 828 932 c<
856 892 974 936 Fecit
993 893 1107 938 Deus
1127 895 1271 939 omnia
1286 931 1297 950 ,
1317 903 1360 939 et
1383 910 1482 939 ecce
1504 894 1621 940 hona

237 972 260 992 ›>
285 954 411 1000 valde
438 957 456 985 2
477 975 486 1002 ε
511 980 530 1000 »
554 977 642 1004 non
665 971 834 1005 tantum
855 962 994 1017 bona,
1019 963 1090 1008 sed
1121 965 1252 1008 etiam
1271 963 1424 1016 valde3
1451 980 1539 1008 non
1562 964 1620 1008 ob

235 1022 374 1082 aliud,
398 1028 478 1074 nisi
498 1031 601 1092 quia
623 1032 784 1078 omnia.
813 1033 926 1077 Nam
947 1044 989 1078 et
1026 1052 1105 1097 per
1143 1034 1310 1094 singula
1335 1051 1467 1097 opera
1491 1034 1615 1079 dice-

232 1091 392 1142 batur:
432 1100 589 1146 «Vidit
630 1103 746 1146 Deus
782 1102 885 1164 quia
921 1103 1090 1149 bonum
1136 1115 1200 1149 est
1224 1104 1258 1150 3.
1287 1125 1306 1145 >2
1344 1103 1433 1149 Ubi
1475 1114 1617 1148 autem

234 1184 255 1204 α
276 1167 421 1213 omnia
441 1189 460 1209 »
483 1171 707 1216 nominata
733 1181 850 1222 sunt,
881 1171 1082 1218 additum
1107 1185 1169 1218 est
1197 1194 1217 1214 «
1236 1173 1363 1219 valde
1382 1190 1393 1218 ι
1415 1194 1435 1213 )>
1455 1182 1497 1217 et
1523 1172 1615 1218 dic-

234 1245 327 1280 tum
349 1248 438 1283 est:
460 1240 624 1286 «Vidit
661 1242 776 1286 Deus
813 1243 958 1287 onmia
979 1260 1078 1305 quae
1109 1243 1235 1298 fecit,
1279 1253 1321 1287 et
1353 1258 1453 1287 ecce
1494 1242 1613 1287 bona

232 1324 254 1347 >³
279 1306 418 1354 valde.
438 1310 657 1356 »Meliora
684 1310 798 1356 enim
833 1311 1037 1373 quaedam
1067 1312 1235 1371 singula
1263 1329 1394 1374 quam
1420 1310 1499 1355 alia
1525 1312 1611 1356 sin-

230 1376 356 1434 gula,
385 1379 458 1424 sed
493 1381 669 1426 meliora
698 1380 827 1426 simul
860 1382 1005 1426 onmia
1026 1400 1159 1445 quam
1186 1383 1398 1445 quaelibet
1430 1381 1608 1440 singula.

238 1445 405 1493 Christi
424 1450 570 1513 itaque
593 1451 796 1496 doctrina
817 1467 917 1494 sana
940 1451 981 1495 in
998 1456 1088 1510 ejus
1105 1468 1288 1514 corpore
1314 1467 1462 1495 sanam
1482 1460 1522 1495 te
1555 1450 1616 1496 fa-

230 1514 317 1560 ciat
332 1533 413 1578 per
430 1522 522 1577 ejus
540 1521 720 1579 gratiam
739 1556 749 1574 ‚
771 1529 820 1563 ut
850 1519 896 1564 id
939 1520 1058 1583 quod
1085 1521 1178 1567 aliis
1214 1521 1366 1566 melius
1402 1519 1539 1564 hahes
1569 1521 1615 1566 in

232 1600 417 1647 corpore
439 1599 482 1633 et
508 1590 681 1652 spiritu.
725 1589 840 1634 idem
874 1589 966 1652 ipse
993 1591 1170 1652 spiritus
1206 1601 1307 1635 tuus
1341 1589 1417 1652 qui
1441 1590 1613 1652 corpori

233 1653 500 1714 dominatur,
539 1678 617 1706 nec
654 1659 828 1705 extollat
864 1659 1121 1709 insolenter,
1161 1677 1238 1705 nec
1274 1659 1489 1704 discernat
1521 1660 1614 1705 ins-

233 1722 410 1773 cienter.

293 1797 348 1842 X.
380 1799 471 1843 Nec
494 1799 598 1862 quia
620 1799 708 1844 dixi
728 1799 854 1844 Ruth
873 1800 1045 1846 beatam
1065 1837 1076 1855 ,
1122 1801 1292 1844 Annam
1327 1799 1566 1844 beatiorem
1585 1837 1596 1855 ‚

230 1880 332 1909 cum
355 1866 430 1912 illa
458 1869 526 1913 bis
565 1870 790 1932 nupserit,
833 1869 931 1914 haec
956 1887 1042 1915 uno
1073 1870 1168 1914 viro
1210 1869 1296 1914 cito
1324 1869 1502 1915 viduata
1524 1868 1602 1914 diu

227 1933 402 1992 vixerit,
431 1938 640 1984 continuo
675 1939 803 1983 etiam
847 1950 886 1983 te
926 1940 1145 1985 meliorem
1185 1950 1311 2002 putes
1352 1955 1438 1983 esse
1474 1954 1607 2001 quam

227 2003 367 2052 Ruth.
401 2007 495 2053 Alia
523 2009 690 2071 quippe
739 2010 1011 2071 propheticis
1052 2011 1324 2072 temporibus
1363 2018 1607 2054 sanctarum

226 2070 509 2121 foeminarum
545 2077 807 2140 dispensatio
841 2078 949 2132 suit,
992 2095 1100 2142 quas
1135 2080 1298 2125 nubere
1341 2077 1606 2133 obedientia,

225 2159 316 2188 non
334 2148 687 2210 concupiscentia
703 2149 996 2211 compellebat
1012 2187 1023 2205 ,
1048 2161 1096 2194 ut
1119 2159 1439 2213 propagaretur
1456 2165 1609 2211 popu-

228 2210 296 2256 lus
317 2215 413 2270 Dei,
441 2216 487 2261 in
507 2234 595 2279 quo
620 2219 988 2280 praemitterentur
1007 2221 1244 2282 Prophetae
1277 2219 1440 2264 Christi
1467 2235 1477 2262 :
1507 2235 1608 2264 cum

229 2291 271 2325 et
288 2282 381 2344 ipse
395 2286 589 2348 populus
612 2303 691 2349 per
715 2305 761 2332 ea
781 2304 881 2349 quac
899 2287 944 2332 111
959 2290 1095 2347 figura
1116 2288 1481 2348 contingebantin
1491 2287 1574 2333 illis
1591 2325 1604 2342 ‚

225 2351 313 2397 sive
339 2353 449 2400 iniis
460 2357 539 2419 qui
562 2358 719 2404 scirent
742 2396 753 2414 ,
785 2358 871 2402 sive
896 2359 941 2402 in
965 2360 1015 2404 iis
1041 2361 1117 2422 qui
1136 2361 1208 2406 illa
1229 2359 1442 2405 nescirent
1460 2395 1472 2413 ‚
1494 2358 1607 2404 nihil

225 2423 343 2468 aliud
381 2436 486 2470 esset
512 2445 643 2490 quam
669 2428 885 2491 propheta
909 2430 1100 2478 Christi.
1148 2448 1194 2475 ex
1231 2447 1320 2493 quo
1359 2438 1606 2474 nasceretur

225 2491 351 2537 etiam
382 2511 482 2539 caro
502 2496 670 2543 Christi
688 2497 722 2544 4.
754 2499 811 2543 Ut
829 2514 927 2556 crgo
962 2499 1032 2543 ilie
1055 2499 1246 2562 populus
1268 2507 1600 2561 propagaretur,

273 2568 313 2598 ¹1
340 2572 412 2599 (lor.
429 2581 480 2609 av,
498 2572 641 2608 41.—2
661 2576 785 2611 Cena,
802 2576 912 2616 31.,—
932 2573 1040 2607 ⁵1b3d.
1063 2588 1112 2606 ῐυ.
1129 2574 1201 2598 —4
1224 2588 1235 2606 1
1259 2580 1332 2607 (ἶΟΓ-
1351 2587 1383 2615 ’⁴9
1408 2585 1461 2606 ¹¹·

1751 1791 1758 2255 --—-—-..—....--—„-——-—
