1758 3246
309 332 397 364 212
725 328 759 357 S.
803 326 1049 358 AUGUSTINI
1084 329 1287 359 EPISCOPI

305 416 326 436 »
346 389 514 438 erunt1.
541 410 562 430 >2
581 390 778 452 Itemque
800 390 882 435 alio
901 390 997 436 loco
1019 408 1118 435 cum
1136 391 1392 436 Judaeorum
1409 391 1680 455 stultiloquia

306 462 539 515 refutaret,
566 459 668 522 quia
694 460 1078 506 calumniabantur
1099 461 1332 524 Discipulis
1356 465 1446 520 ejus
1470 479 1558 507 non
1580 462 1680 508 lotis

307 531 512 578 manibus
529 528 899 574 manducantibus
924 548 934 573 ε
968 551 987 569 «
1009 531 1107 575 *Non
1135 530 1253 593 quod
1280 531 1415 576 intrat
1443 532 1489 576 in
1505 548 1550 576 os
1571 568 1581 582 ,
1608 531 1681 576 in-

311 623 332 644 »
349 601 467 665 quit,
491 599 747 661 coinquinat
766 598 989 644 hominem
1007 636 1018 655 ,
1046 599 1118 644 sed
1141 599 1262 662 quod
1295 600 1495 662 procedit
1523 618 1570 646 ex
1590 618 1686 656 ore,

307 693 329 714 »
346 672 434 716 hoc
453 668 708 731 coinquinat
724 668 994 714 hominem2.
1022 690 1041 709 ›>
1073 669 1185 724 Quae
1209 670 1419 713 sententia
1451 670 1486 714 si
1518 680 1608 715 tota
1637 670 1690 715 de

311 759 383 788 ore
408 739 606 802 corporis
633 739 891 801 accipiatur,
921 738 1111 784 absurda
1135 750 1211 784 est.
1244 740 1396 802 Neque
1420 740 1534 784 enim
1564 757 1693 804 quem

310 830 399 858 non
417 808 673 871 coinquinat
688 808 814 853 cibus
829 845 839 864 ,
860 809 1118 871 coinquinat
1136 809 1339 854 vomitus.
1371 809 1510 854 Cibus
1526 811 1693 873 quippe

310 883 357 927 in
382 897 428 925 os
446 879 606 933 intrat,
634 878 824 933 vomitus
847 894 894 922 ex
925 895 996 923 ore
1026 877 1238 941 procedit.
1275 877 1362 922 Sed
1381 878 1693 941 proculdubio

311 952 459 1016 priora
476 948 610 994 verba
629 948 852 1010 pertinent
873 947 927 992 ad
949 965 994 992 os
1012 949 1178 1004 carnis,
1201 948 1279 993 ubi
1300 948 1359 993 ait
1382 966 1392 992 :
1421 970 1439 989 «
1462 949 1559 994 ¹Non
1575 949 1695 1012 quod

314 1024 488 1067 »intrat
520 1020 566 1064 in
600 1035 674 1073 OS,
712 1019 968 1081 coinquinat
1002 1019 1226 1064 hominem
1250 1037 1260 1063 ε
1283 1040 1302 1060 »
1334 1019 1571 1081 posteriora
1593 1037 1695 1066 vero

312 1094 365 1139 ad
391 1110 436 1139 os
459 1090 601 1137 cordis
618 1127 628 1146 ,
656 1089 735 1134 ubi
753 1089 813 1133 ait
839 1108 849 1133 ι
879 1111 898 1130 «
921 1089 1005 1134 Sed
1037 1090 1155 1152 quod
1188 1090 1388 1153 procedit
1421 1107 1469 1135 ex
1487 1107 1558 1135 ore
1575 1127 1587 1146 ,
1611 1091 1697 1136 hoc

312 1185 334 1206 >›
353 1161 608 1224 coinquinat
634 1159 875 1204 hominem.
901 1180 920 1199 ›>
947 1160 1144 1221 Denique
1173 1176 1272 1204 cum
1296 1159 1350 1204 ab
1372 1159 1448 1204 illo
1467 1159 1694 1222 apostolus

314 1237 468 1278 Petrus
509 1228 818 1292 expositionem
852 1227 971 1273 velut
1007 1228 1236 1290 parabolae
1271 1228 1404 1287 hujus
1432 1229 1694 1291 exquireret,

316 1303 387 1349 ille
411 1298 636 1363 respondit
659 1315 669 1342 ι
699 1319 719 1337 ι(
742 1297 903 1342 Adhuc
930 1309 972 1342 et
989 1314 1064 1343 vos
1087 1298 1176 1343 sine
1199 1298 1424 1342 intellectu
1450 1299 1549 1343 estis
1574 1316 1585 1343 ε
1609 1316 1698 1345 non
1756 1325 1758 1358 3

318 1369 598 1429 »intelligitis
616 1405 626 1423 ,
648 1368 749 1429 quia
781 1384 907 1412 omne
936 1367 1057 1429 quod
1093 1368 1138 1412 in
1169 1385 1213 1412 os
1243 1368 1400 1423 intrat,
1432 1368 1477 1413 in
1504 1379 1699 1414 ventrem
1756 1367 1758 1377 ⁴

317 1465 338 1485 ῃ
356 1441 502 1495 radit,
529 1449 573 1484 et
596 1438 642 1483 in
661 1454 873 1482 secessum
897 1438 1171 1483 emittitur-3?
1200 1459 1220 1478 »
1255 1438 1339 1483 Hic
1369 1448 1482 1483 certe
1508 1438 1554 1483 in
1580 1438 1701 1502 quod

318 1514 452 1558 intrat
478 1508 624 1560 cibus,
648 1523 694 1550 os
712 1506 853 1550 carnis
879 1507 1165 1565 agnoscimus.
1192 1508 1242 1551 In
1273 1507 1342 1552 his
1368 1524 1469 1553 vero
1497 1524 1598 1570 quae
1618 1508 1701 1553 ade

311 1581 481 1642 jungit,
507 1588 556 1622 ut
577 1593 904 1635 agnosceremus
922 1594 967 1621 os
984 1576 1150 1633 cordis,
1173 1594 1261 1622 non
1285 1588 1535 1640 sequeretur
1562 1579 1699 1624 nostri

319 1651 499 1698 tarditas
521 1647 687 1702 cordis,
711 1647 794 1691 nisi
813 1657 853 1691 et
877 1664 978 1692 cum
997 1647 1133 1692 tardis
1157 1647 1381 1693 ambulare
1415 1648 1582 1694 Veritas
1600 1649 1701 1708 dig-

319 1732 508 1768 naretur.
542 1717 614 1764 Ait
640 1716 755 1762 enim
783 1734 794 1761 :
828 1739 847 1757 «
870 1718 981 1773 Quae
1015 1728 1154 1762 autem
1177 1717 1424 1781 procedunt
1449 1718 1502 1763 de
1527 1736 1624 1773 ore,
1649 1718 1702 1764 de
1750 1735 1758 1766 ’ς

319 1816 339 1835 ))
358 1791 487 1838 corde
505 1798 659 1834 exeunt
677 1804 687 1830 ε
712 1809 730 1828 »
751 1797 960 1849 tanquam
977 1787 1140 1832 diceret
1158 1805 1168 1832 ι
1187 1788 1301 1833 Cum
1322 1787 1446 1832 audis
1463 1809 1484 1829 «
1500 1788 1563 1833 De
1577 1805 1666 1845 ore,
1683 1811 1702 1830 »
1750 1807 1752 1813 ’

320 1865 372 1910 de
395 1861 524 1908 corde
544 1857 747 1916 intellige.
776 1859 1021 1921 [iramque
1043 1858 1143 1903 dico
1164 1879 1175 1911 ;
1195 1858 1268 1903 sed
1291 1858 1473 1904 alterum
1497 1875 1545 1903 ex
1569 1859 1702 1905 altero

320 1948 501 1997 expono.
533 1928 681 1973 Habet
704 1944 749 1971 os
766 1927 948 1972 interius
970 1928 1104 1973 homo
1133 1929 1312 1973 interior
1328 1965 1338 1984 ‚
1367 1939 1408 1973 et
1424 1928 1511 1974 hoc
1536 1928 1703 1974 discer-
1747 1966 1750 1976 .

322 2006 389 2051 nit
409 2001 521 2047 auris
544 1998 722 2044 interior
752 2015 762 2041 ε
787 1997 840 2042 de
861 1997 947 2042 hoc
970 2016 1041 2043 ore
1069 2015 1168 2060 quae
1187 1998 1457 2061 procedunt,
1490 1998 1542 2043 de
1573 1999 1704 2045 corde
1746 2041 1749 2055 2

323 2083 476 2121 exeunt
492 2109 502 2127 ,
531 2081 571 2115 et
594 2086 642 2114 ea
667 2067 953 2130 coinquinant
979 2068 1219 2114 hominem.
1254 2068 1422 2113 Deinde
1443 2072 1535 2127 jam
1553 2068 1704 2114 relicto
1745 2078 1748 2094 ¹

324 2147 410 2192 oris
434 2142 609 2188 nomine
623 2178 633 2196 ,
657 2138 775 2202 quod
795 2149 937 2201 potest
954 2149 996 2183 et
1012 2138 1065 2182 de
1087 2154 1268 2200 corpore
1284 2138 1491 2197 intelligi,
1514 2139 1704 2201 apertius
1744 2131 1747 2140 ¹

325 2215 433 2281 quid
467 2213 585 2258 dicat
608 2209 795 2256 ostendit
821 2226 830 2252 z
876 2230 896 2249 α
921 2209 986 2252 De
1015 2208 1145 2253 corde
1174 2208 1288 2252 enim
1319 2218 1499 2265 exeunt,
1534 2209 1700 2271 inquit,
1741 2238 1746 2277 Ξ

324 2309 345 2329 ))
364 2283 644 2344 cogitationes
663 2280 789 2324 lnalae
804 2315 814 2333 ‚
840 2277 1079 2323 homicidia
1093 2315 1103 2334 ,
1127 2277 1357 2333 adulteria,
1377 2277 1700 2334 fornicationes,
1742 2292 1745 2322 ,³

324 2380 345 2400 ³)
362 2357 503 2406 furta,
542 2351 647 2396 falsa
677 2349 948 2403 testimonia,
983 2347 1306 2410 blasphemiae:
1340 2347 1438 2393 haec
1477 2359 1580 2393 sunt
1603 2365 1704 2411 quae
1742 2352 1743 2370 ³

327 2424 650 2488 »coinquinant
673 2419 911 2465 hominem.
937 2441 956 2459 ›>
990 2418 1112 2463 Nihil
1132 2428 1194 2463 est
1221 2428 1333 2462 certe
1357 2418 1539 2462 istorum
1562 2418 1705 2464 malo-

321 2515 444 2552 rum,
472 2510 570 2558 quae
587 2489 832 2555 perpetrari
859 2489 990 2534 etiam
1026 2487 1235 2533 membris
1269 2487 1463 2550 corporis
1496 2499 1701 2550 possunt,
1737 2512 1741 2556 ζ,

318 2567 438 2632 quod
458 2561 661 2624 cogitatio
687 2577 775 2606 non
797 2558 1026 2605 antecedat
1048 2557 1162 2603 mala
1176 2594 1186 2613 ,
1214 2566 1255 2602 et
1275 2557 1536 2620 coinquinet
1553 2556 1704 2603 homi—
1735 2606 1739 2618 Δ

370 2648 630 2681 ¹Manh.xx111,
653 2645 709 2675 26.
733 2661 776 2667 --
790 2639 805 2664 2
822 2641 872 2675 ld.
891 2653 944 2680 xv,
970 2653 980 2672 1
994 2653 1020 2674 1.
1039 2657 1082 2664 --
1097 2638 1213 2673 ³1hid.
1242 2639 1293 2673 16,
