1758 3246
393 254 447 283 DE
491 252 639 283 AGONE
675 251 966 291 αιιῐὶιεΤιΑΝο,
1008 253 1091 283 un.
1135 255 1165 284 1.
1393 239 1469 286 181

91 317 172 381 qui
195 318 407 381 princeps
434 327 495 362 est
518 317 652 376 hujus
677 315 848 371 mundi,
874 332 975 360 cum
995 319 1269 364 renuntiatur
1291 335 1482 383 corrup-

93 388 192 433 telis
227 399 268 433 et
301 387 475 450 pompis
505 397 547 432 et
590 385 748 445 angelis
778 389 882 444 ejus.
926 385 1115 448 Ideoque
1143 387 1235 448 ipse
1269 390 1482 436 Dominus

87 461 182 516 jam
202 457 534 520 triunphantem
561 466 762 501 naturam
793 455 983 499 hominis
1008 466 1186 518 portans
1208 475 1219 501 :
1248 477 1264 497 α
1289 459 1477 516 Scitote,

92 548 116 567 >2
135 527 297 590 inquit,
318 526 421 589 quia
445 543 522 585 ego
546 526 631 572 vici
654 525 869 570 mundum
884 524 916 570 1.
941 546 961 566 »

159 598 218 643 lI.
263 596 391 641 Multi
407 605 551 641 autem
579 595 736 641 dicunt
765 612 775 639 :
807 596 1040 650 Quomodo
1063 613 1293 659 possumus
1306 599 1477 645 vincere

91 666 340 722 diabolum,
360 683 488 729 quem
513 684 601 711 non
624 665 848 711 videmus?
868 665 953 711 Sed
966 666 1179 713 habemus
1199 669 1471 728 magistrum,

92 737 167 799 qui
192 735 318 781 nobis
343 736 635 782 demonstrare
662 736 863 795 dignatus
882 746 961 791 cst,
989 738 1211 799 quomodo
1237 739 1474 785 invisibiles

86 805 237 852 hostes
256 806 503 853 vincantur.
530 809 594 851 De
612 806 687 851 illo
708 806 822 851 enim
845 804 954 851 dicit
975 808 1204 870 Apostolus
1223 827 1233 853 ε
1264 830 1284 850 α
1305 811 1478 855 Exuens

90 896 114 916 2)
136 893 177 921 se
204 893 334 923 carne
359 877 640 940 Principatus
667 887 710 921 et
731 880 962 922 Potestates
986 878 1259 941 exemplavit,
1288 880 1478 925 fiducia-

90 967 114 987 »
139 945 236 991 liter
259 948 538 1011 triumphans
557 964 628 993 eos
656 947 701 992 in
722 948 950 1009 semetipso
966 947 999 993 2.
1026 969 1045 988 >2
1072 949 1142 993 lbi
1168 966 1268 1009 ergo
1285 950 1476 995 vincun-

90 1026 161 1061 tur
187 1016 378 1063 inimicae
413 1018 540 1062 nobis
573 1017 810 1063 invisibiles
840 1027 1088 1079 potestates,
1126 1019 1204 1064 ubi
1238 1021 1476 1066 vincuntur

90 1085 333 1132 invisibiles
357 1088 618 1150 cupiditates
641 1104 651 1130 ε
676 1096 717 1131 et
741 1086 838 1131 ideo
863 1087 965 1149 quia
988 1088 1033 1132 in
1061 1088 1187 1133 nobis
1207 1090 1312 1152 ipsis
1331 1091 1476 1137 vinci-

90 1172 186 1201 mus
217 1158 522 1220 temporalium
548 1173 693 1200 rerum
724 1155 989 1218 cupiditates
1009 1193 1021 1212 ,
1061 1174 1228 1203 necesse
1256 1170 1318 1205 est
1356 1170 1404 1205 ut
1430 1161 1476 1205 in

88 1228 216 1274 nobis
246 1230 352 1293 ipsis
384 1230 610 1276 vincamus
646 1239 687 1274 et
716 1228 841 1274 illum
863 1266 874 1285 ‚
916 1230 992 1292 qui
1026 1247 1105 1293 per
1139 1231 1253 1294 ipsas
1295 1233 1472 1296 cupidi-

88 1308 195 1343 tates
230 1311 380 1360 regnat
416 1301 462 1346 iu
496 1300 686 1345 homine.
713 1299 902 1355 Quando
936 1299 1052 1345 enim
1084 1300 1251 1347 dictum
1282 1312 1344 1348 est
1376 1303 1475 1348 dia-

88 1368 194 1414 bolo
226 1387 236 1414 t
273 1391 294 1411 α
319 1371 498 1416 Terram
526 1369 815 1415 manducabis
840 1387 850 1413 ε
879 1391 899 1410 >2
924 1370 1093 1415 dictum
1117 1381 1178 1416 est
1210 1374 1434 1434 peccatori
1460 1392 1471 1419 t

88 1460 110 1480 κ
126 1440 259 1486 Terra
285 1459 353 1497 es,
391 1452 434 1486 et
466 1442 512 1486 in
547 1451 705 1485 terram
737 1440 823 1484 ibis
840 1440 872 1487 ⁴⁹³.
892 1462 912 1481 ›>
946 1441 1084 1486 Datus
1113 1452 1175 1487 est
1201 1460 1301 1503 ergo
1327 1444 1373 1489 iu
1407 1445 1475 1490 ci-

87 1509 197 1555 bum
233 1510 409 1556 diabolo
448 1521 666 1574 peccator.
715 1510 813 1554 Non
849 1510 982 1555 simus
1019 1521 1161 1567 terra,
1200 1512 1234 1556 si
1269 1513 1474 1560 nolumus

88 1579 346 1626 manducari
380 1599 404 1627 a
428 1591 637 1644 serpente.
670 1578 795 1624 Sicut
828 1579 942 1625 enim
980 1580 1100 1642 quod
1128 1581 1469 1640 manducamus,

87 1649 134 1693 in
156 1661 353 1697 nostrum
378 1669 538 1715 corpus
557 1650 870 1707 convertimus,
898 1661 947 1694 ut
965 1651 1092 1696 cibus
1116 1651 1208 1714 ipse
1234 1654 1476 1701 secundum

88 1736 248 1784 corpus
266 1723 354 1768 hoc
373 1723 588 1769 efficiatur
604 1721 725 1785 quod
743 1738 821 1766 nos
845 1738 994 1767 sumus
1016 1739 1026 1765 z
1054 1722 1113 1767 sic
1130 1722 1254 1768 malis
1277 1725 1476 1771 moribus

86 1807 166 1853 per
186 1793 425 1855 nequitiam
461 1803 504 1837 et
529 1791 782 1855 superbiam
808 1801 849 1836 et
880 1792 1149 1854 impietatem
1170 1793 1258 1838 hoc
1289 1795 1474 1841 efficitur

88 1861 269 1924 quisque
293 1862 414 1925 quod
441 1862 661 1915 diabolus,
683 1860 729 1906 id
754 1871 833 1916 ost,
864 1861 1012 1906 similis
1031 1866 1146 1921 ejus3
1175 1874 1218 1908 et
1242 1865 1475 1924 subjicitur

87 1930 142 1986 ei,
176 1931 290 1977 sicut
323 1933 571 1992 subjectum
604 1942 667 1977 est
699 1931 826 1975 nobis
860 1947 1020 1993 corpus
1057 1943 1267 1980 nostrum.
1301 1936 1357 1979 Et
1388 1935 1474 1980 hoc

87 2009 149 2044 est
176 2001 295 2064 quod
333 2001 497 2047 dicitur
540 2001 798 2046 manducari
830 2019 852 2046 a
894 2012 1104 2064 serpente.
1145 2003 1354 2068 Quisquis
1386 2006 1474 2052 ita-

88 2086 171 2133 que
210 2071 333 2116 timet
374 2071 496 2117 illum
536 2071 676 2130 ignem
714 2107 725 2126 ,
765 2071 842 2133 qui
887 2081 1064 2133 paratus
1106 2083 1168 2117 est
1215 2073 1392 2122 diabolo
1434 2088 1476 2122 et

89 2139 248 2199 angelis
271 2140 416 2199 ejusl⁸⁹
444 2141 516 2186 det
545 2158 722 2203 operam
753 2141 1027 2203 triumphare
1055 2141 1108 2186 de
1139 2143 1214 2188 illo
1243 2144 1290 2189 in
1313 2157 1473 2192 semet-

87 2209 197 2273 ipso.
237 2211 321 2256 Eos
353 2212 468 2256 enim
496 2211 573 2275 qui
601 2210 702 2256 foris
738 2228 816 2256 nos
848 2222 1109 2275 oppugnant
1131 2250 1142 2269 ,
1177 2214 1294 2261 intus
1330 2217 1474 2264 vinci-

88 2296 208 2336 mus,
244 2280 461 2327 vincendo
500 2281 876 2344 concupiscentias
912 2299 989 2344 per
1027 2298 1134 2344 quas
1161 2284 1289 2330 nobis
1326 2286 1472 2332 domi-

90 2361 261 2397 nantur.
293 2353 350 2397 Et
373 2369 483 2415 quos
507 2352 750 2398 invenerint
775 2353 841 2397 sui
863 2352 1046 2409 similes,
1079 2370 1225 2401 secum
1247 2356 1301 2401 ad
1317 2373 1474 2419 poenas

91 2421 288 2468 trahunt.

137 2517 146 2540 ¹
167 2521 262 2550 Joan.
286 2520 472 2557 xv1‚33‚——-
488 2518 503 2541 2
521 2521 640 2553 Coloss.
668 2532 704 2563 ir,
735 2522 833 2556 15⁴-
857 2519 870 2543 3
890 2523 971 2556 Gen.
994 2532 1045 2557 ιη,
1069 2527 1106 2556 14
1121 2527 1149 2552 et
1174 2533 1224 2562 19-
1248 2540 1290 2547 -—
1311 2521 1324 2545 4
1347 2524 1468 2558 Matth.

93 2581 167 2609 xxv,
189 2578 241 2607 41.
