<?xml version="1.0" encoding="UTF-8"?>
<!DOCTYPE html PUBLIC "-//W3C//DTD XHTML 1.0 Transitional//EN"
    "http://www.w3.org/TR/xhtml1/DTD/xhtml1-transitional.dtd">
<html xmlns="http://www.w3.org/1999/xhtml" xml:lang="en" lang="en">
 <head>
  <title>
</title>
<meta http-equiv="Content-Type" content="text/html;charset=utf-8" />
  <meta name='ocr-system' content='tesseract 3.04.00' />
  <meta name='ocr-capabilities' content='ocr_page ocr_carea ocr_par ocr_line ocrx_word'/>
</head>
<body>
  <div class='ocr_page' id='page_1' title='image "./operaomniaaccura26auguuoft/operaomniaaccura26auguuoft_0547.png"; bbox 0 0 1758 3246; ppageno 0'>
   <div class='ocr_carea' id='block_1_1' title="bbox 3 356 11 634">
    <p class='ocr_par' dir='ltr' id='par_1_1' title="bbox 2 219 14 708">
     <span class='ocr_line' id='line_1_1' title="bbox 3 356 11 634; baseline 0 10"><span class='ocrx_word' id='word_1_1' title='bbox 3 356 11 634; x_wconf 63' lang='lat' dir='ltr'>i</span> 
     </span>
    </p>
   </div>
   <div class='ocr_carea' id='block_1_2' title="bbox 0 824 3 891">
    <p class='ocr_par' dir='ltr' id='par_1_2' title="bbox 0 824 3 891">
     <span class='ocr_line' id='line_1_2' title="bbox 0 824 2 847; baseline 0 0"><span class='ocrx_word' id='word_1_2' title='bbox 0 824 2 847; x_wconf 68' lang='lat' dir='ltr'>i</span> 
     </span>
     <span class='ocr_line' id='line_1_3' title="bbox 0 850 3 891; baseline 0 0"><span class='ocrx_word' id='word_1_3' title='bbox 0 850 3 891; x_wconf 74' lang='lat' dir='ltr'>l</span> 
     </span>
    </p>
   </div>
   <div class='ocr_carea' id='block_1_3' title="bbox 346 279 1436 342">
    <p class='ocr_par' dir='ltr' id='par_1_3' title="bbox 346 279 1436 342">
     <span class='ocr_line' id='line_1_4' title="bbox 346 279 1436 342; baseline 0 -17"><span class='ocrx_word' id='word_1_4' title='bbox 346 297 400 327; x_wconf 70' lang='grc' dir='ltr'>ΒΕ</span> <span class='ocrx_word' id='word_1_5' title='bbox 436 296 574 326; x_wconf 62' lang='lat' dir='ltr'>ornan</span> <span class='ocrx_word' id='word_1_6' title='bbox 611 296 941 336; x_wconf 70' lang='lat' dir='ltr'>MoxAcnoncn,</span> <span class='ocrx_word' id='word_1_7' title='bbox 982 296 1066 326; x_wconf 59' lang='grc' dir='ltr'>[ΑΒ.</span> <span class='ocrx_word' id='word_1_8' title='bbox 1111 295 1139 325; x_wconf 91' lang='lat'>1.</span> <span class='ocrx_word' id='word_1_9' title='bbox 1346 279 1436 342; x_wconf 72' lang='lat'>527</span> 
     </span>
    </p>
   </div>
   <div class='ocr_carea' id='block_1_4' title="bbox 75 361 1453 2534">
    <p class='ocr_par' dir='ltr' id='par_1_4' title="bbox 75 361 1445 1403">
     <span class='ocr_line' id='line_1_5' title="bbox 79 361 1444 428; baseline 0.002 -24"><span class='ocrx_word' id='word_1_10' title='bbox 79 384 98 404; x_wconf 83' lang='grc'>»</span> <span class='ocrx_word' id='word_1_11' title='bbox 121 363 286 409; x_wconf 83' lang='lat' dir='ltr'>Chuzae</span> <span class='ocrx_word' id='word_1_12' title='bbox 301 363 594 428; x_wconf 85' lang='lat' dir='ltr'>procuratoris</span> <span class='ocrx_word' id='word_1_13' title='bbox 613 363 813 420; x_wconf 87' lang='lat' dir='ltr'>Herodis,</span> <span class='ocrx_word' id='word_1_14' title='bbox 831 373 874 409; x_wconf 86' lang='lat' dir='ltr'>et</span> <span class='ocrx_word' id='word_1_15' title='bbox 891 362 1102 417; x_wconf 84' lang='lat' dir='ltr'>Susanna,</span> <span class='ocrx_word' id='word_1_16' title='bbox 1123 373 1165 407; x_wconf 84' lang='lat' dir='ltr'>et</span> <span class='ocrx_word' id='word_1_17' title='bbox 1182 362 1276 407; x_wconf 80' lang='lat' dir='ltr'>aliae</span> <span class='ocrx_word' id='word_1_18' title='bbox 1294 361 1444 407; x_wconf 79' lang='lat' dir='ltr'>multae</span> 
     </span>
     <span class='ocr_line' id='line_1_6' title="bbox 79 430 1443 496; baseline -0.002 -17"><span class='ocrx_word' id='word_1_19' title='bbox 79 455 99 474; x_wconf 74' lang='lat'>2&gt;</span> <span class='ocrx_word' id='word_1_20' title='bbox 117 450 216 496; x_wconf 87' lang='lat' dir='ltr'>quae</span> <span class='ocrx_word' id='word_1_21' title='bbox 239 432 543 479; x_wconf 80' lang='lat' dir='ltr'>ministrabant</span> <span class='ocrx_word' id='word_1_22' title='bbox 562 433 620 478; x_wconf 87' lang='lat' dir='ltr'>cis</span> <span class='ocrx_word' id='word_1_23' title='bbox 634 433 687 479; x_wconf 89' lang='lat' dir='ltr'>de</span> <span class='ocrx_word' id='word_1_24' title='bbox 706 432 985 479; x_wconf 82' lang='lat' dir='ltr'>facultatibus</span> <span class='ocrx_word' id='word_1_25' title='bbox 1003 430 1132 478; x_wconf 77' lang='lat' dir='ltr'>suis1.</span> <span class='ocrx_word' id='word_1_26' title='bbox 1158 453 1178 472; x_wconf 86' lang='lat'>»</span> <span class='ocrx_word' id='word_1_27' title='bbox 1195 431 1289 477; x_wconf 89' lang='lat' dir='ltr'>Hoc</span> <span class='ocrx_word' id='word_1_28' title='bbox 1308 448 1443 476; x_wconf 83' lang='lat' dir='ltr'>exem-</span> 
     </span>
     <span class='ocr_line' id='line_1_7' title="bbox 76 500 1441 566; baseline -0.001 -18"><span class='ocrx_word' id='word_1_29' title='bbox 76 502 201 566; x_wconf 85' lang='lat' dir='ltr'>plum</span> <span class='ocrx_word' id='word_1_30' title='bbox 244 502 421 548; x_wconf 82' lang='lat' dir='ltr'>Domini</span> <span class='ocrx_word' id='word_1_31' title='bbox 463 501 749 549; x_wconf 84' lang='lat' dir='ltr'>imitabantur</span> <span class='ocrx_word' id='word_1_32' title='bbox 790 500 1004 566; x_wconf 81' lang='lat' dir='ltr'>Apostoli,</span> <span class='ocrx_word' id='word_1_33' title='bbox 1047 500 1099 545; x_wconf 82' lang='lat' dir='ltr'>ad</span> <span class='ocrx_word' id='word_1_34' title='bbox 1138 501 1441 563; x_wconf 85' lang='lat' dir='ltr'>accipiendum</span> 
     </span>
     <span class='ocr_line' id='line_1_8' title="bbox 76 569 1440 637; baseline -0.001 -20"><span class='ocrx_word' id='word_1_35' title='bbox 76 572 158 618; x_wconf 86' lang='lat' dir='ltr'>sibi</span> <span class='ocrx_word' id='word_1_36' title='bbox 181 571 377 617; x_wconf 88' lang='lat' dir='ltr'>debitum</span> <span class='ocrx_word' id='word_1_37' title='bbox 403 571 552 617; x_wconf 90' lang='lat' dir='ltr'>cibum</span> <span class='ocrx_word' id='word_1_38' title='bbox 577 589 587 616; x_wconf 89' lang='lat'><strong>:</strong></span> <span class='ocrx_word' id='word_1_39' title='bbox 609 571 661 618; x_wconf 88' lang='lat' dir='ltr'>de</span> <span class='ocrx_word' id='word_1_40' title='bbox 683 589 772 637; x_wconf 90' lang='lat' dir='ltr'>quo</span> <span class='ocrx_word' id='word_1_41' title='bbox 803 571 919 617; x_wconf 88' lang='lat' dir='ltr'>idem</span> <span class='ocrx_word' id='word_1_42' title='bbox 944 569 1154 615; x_wconf 82' lang='lat' dir='ltr'>Dominus</span> <span class='ocrx_word' id='word_1_43' title='bbox 1180 571 1440 634; x_wconf 78' lang='lat' dir='ltr'>apertissime</span> 
     </span>
     <span class='ocr_line' id='line_1_9' title="bbox 77 639 1441 706; baseline -0.003 -18"><span class='ocrx_word' id='word_1_44' title='bbox 77 641 268 706; x_wconf 84' lang='lat' dir='ltr'>loquitur</span> <span class='ocrx_word' id='word_1_45' title='bbox 292 659 302 688; x_wconf 89' lang='lat'>:</span> <span class='ocrx_word' id='word_1_46' title='bbox 325 662 345 683; x_wconf 82' lang='lat'>&lt;‹</span> <span class='ocrx_word' id='word_1_47' title='bbox 366 641 541 698; x_wconf 83' lang='lat' dir='ltr'>Euntes,</span> <span class='ocrx_word' id='word_1_48' title='bbox 567 642 727 706; x_wconf 87' lang='lat' dir='ltr'>inquit,</span> <span class='ocrx_word' id='word_1_49' title='bbox 754 641 991 706; x_wconf 67' lang='lat' dir='ltr'>praedicate</span> <span class='ocrx_word' id='word_1_50' title='bbox 1008 639 1214 695; x_wconf 84' lang='lat' dir='ltr'>dicentes,</span> <span class='ocrx_word' id='word_1_51' title='bbox 1240 640 1340 702; x_wconf 87' lang='lat' dir='ltr'>quia</span> <span class='ocrx_word' id='word_1_52' title='bbox 1358 658 1441 703; x_wconf 88' lang='lat' dir='ltr'>ap-</span> 
     </span>
     <span class='ocr_line' id='line_1_10' title="bbox 77 711 1442 776; baseline -0.004 -18"><span class='ocrx_word' id='word_1_53' title='bbox 77 734 98 753; x_wconf 88' lang='lat'>»</span> <span class='ocrx_word' id='word_1_54' title='bbox 118 711 431 776; x_wconf 85' lang='lat' dir='ltr'>propinquavit</span> <span class='ocrx_word' id='word_1_55' title='bbox 460 729 639 772; x_wconf 84' lang='lat' dir='ltr'>regnum</span> <span class='ocrx_word' id='word_1_56' title='bbox 663 712 888 759; x_wconf 83' lang='lat' dir='ltr'>coelorum.</span> <span class='ocrx_word' id='word_1_57' title='bbox 916 712 1115 756; x_wconf 83' lang='lat' dir='ltr'>Infirmos</span> <span class='ocrx_word' id='word_1_58' title='bbox 1135 719 1300 765; x_wconf 80' lang='lat' dir='ltr'>curate,</span> <span class='ocrx_word' id='word_1_59' title='bbox 1322 727 1442 754; x_wconf 89' lang='lat' dir='ltr'>mor-</span> 
     </span>
     <span class='ocr_line' id='line_1_11' title="bbox 77 779 1437 846; baseline 0.002 -22"><span class='ocrx_word' id='word_1_60' title='bbox 77 804 98 824; x_wconf 87' lang='lat'>&gt;)</span> <span class='ocrx_word' id='word_1_61' title='bbox 121 793 216 829; x_wconf 90' lang='lat' dir='ltr'>tuos</span> <span class='ocrx_word' id='word_1_62' title='bbox 256 781 454 828; x_wconf 86' lang='lat' dir='ltr'>suscitate</span> <span class='ocrx_word' id='word_1_63' title='bbox 471 819 481 838; x_wconf 87' lang='lat'>‚</span> <span class='ocrx_word' id='word_1_64' title='bbox 521 782 710 846; x_wconf 86' lang='lat' dir='ltr'>leprosos</span> <span class='ocrx_word' id='word_1_65' title='bbox 748 781 954 828; x_wconf 74' lang='lat' dir='ltr'>mundate</span> <span class='ocrx_word' id='word_1_66' title='bbox 971 819 983 837; x_wconf 93' lang='lat'>,</span> <span class='ocrx_word' id='word_1_67' title='bbox 1028 779 1244 826; x_wconf 81' lang='lat' dir='ltr'>daemonia</span> <span class='ocrx_word' id='word_1_68' title='bbox 1285 780 1437 840; x_wconf 77' lang='lat' dir='ltr'>ejicite.</span> 
     </span>
     <span class='ocr_line' id='line_1_12' title="bbox 78 849 1439 914; baseline 0.001 -20"><span class='ocrx_word' id='word_1_69' title='bbox 78 873 98 894; x_wconf 85' lang='lat'>›&gt;</span> <span class='ocrx_word' id='word_1_70' title='bbox 121 853 265 898; x_wconf 89' lang='lat' dir='ltr'>Gratis</span> <span class='ocrx_word' id='word_1_71' title='bbox 290 851 530 914; x_wconf 83' lang='lat' dir='ltr'>accepistis,</span> <span class='ocrx_word' id='word_1_72' title='bbox 557 853 687 912; x_wconf 85' lang='lat' dir='ltr'>gratis</span> <span class='ocrx_word' id='word_1_73' title='bbox 715 852 826 899; x_wconf 84' lang='lat' dir='ltr'>date.</span> <span class='ocrx_word' id='word_1_74' title='bbox 865 851 1008 897; x_wconf 85' lang='lat' dir='ltr'>Nolite</span> <span class='ocrx_word' id='word_1_75' title='bbox 1030 849 1245 914; x_wconf 89' lang='lat' dir='ltr'>possidere</span> <span class='ocrx_word' id='word_1_76' title='bbox 1268 867 1439 907; x_wconf 82' lang='lat' dir='ltr'>aurum,</span> 
     </span>
     <span class='ocr_line' id='line_1_13' title="bbox 77 920 1445 986; baseline 0.002 -23"><span class='ocrx_word' id='word_1_77' title='bbox 77 943 97 964; x_wconf 81' lang='lat'>»</span> <span class='ocrx_word' id='word_1_78' title='bbox 121 939 260 985; x_wconf 88' lang='lat' dir='ltr'>neque</span> <span class='ocrx_word' id='word_1_79' title='bbox 276 932 518 981; x_wconf 81' lang='lat' dir='ltr'>argentum,</span> <span class='ocrx_word' id='word_1_80' title='bbox 537 939 676 985; x_wconf 88' lang='lat' dir='ltr'>neque</span> <span class='ocrx_word' id='word_1_81' title='bbox 689 922 923 986; x_wconf 84' lang='lat' dir='ltr'>pecuniam</span> <span class='ocrx_word' id='word_1_82' title='bbox 936 922 983 967; x_wconf 91' lang='lat' dir='ltr'>in</span> <span class='ocrx_word' id='word_1_83' title='bbox 997 921 1112 966; x_wconf 88' lang='lat' dir='ltr'>zonis</span> <span class='ocrx_word' id='word_1_84' title='bbox 1127 920 1290 976; x_wconf 86' lang='lat' dir='ltr'>vestris,</span> <span class='ocrx_word' id='word_1_85' title='bbox 1307 938 1445 984; x_wconf 83' lang='lat' dir='ltr'>neque</span> 
     </span>
     <span class='ocr_line' id='line_1_14' title="bbox 77 990 1439 1055; baseline 0.002 -22"><span class='ocrx_word' id='word_1_86' title='bbox 77 1012 98 1033; x_wconf 89' lang='lat'>))</span> <span class='ocrx_word' id='word_1_87' title='bbox 120 1008 271 1055; x_wconf 84' lang='lat' dir='ltr'>peram</span> <span class='ocrx_word' id='word_1_88' title='bbox 297 991 343 1036; x_wconf 89' lang='lat' dir='ltr'>in</span> <span class='ocrx_word' id='word_1_89' title='bbox 367 991 453 1047; x_wconf 66' lang='lat' dir='ltr'>via,</span> <span class='ocrx_word' id='word_1_90' title='bbox 480 1008 617 1055; x_wconf 86' lang='lat' dir='ltr'>neque</span> <span class='ocrx_word' id='word_1_91' title='bbox 639 991 745 1038; x_wconf 87' lang='lat' dir='ltr'>duas</span> <span class='ocrx_word' id='word_1_92' title='bbox 768 992 952 1048; x_wconf 88' lang='lat' dir='ltr'>tunicas,</span> <span class='ocrx_word' id='word_1_93' title='bbox 973 1007 1111 1055; x_wconf 87' lang='lat' dir='ltr'>neque</span> <span class='ocrx_word' id='word_1_94' title='bbox 1135 990 1439 1046; x_wconf 86' lang='lat' dir='ltr'>calceamenta,</span> 
     </span>
     <span class='ocr_line' id='line_1_15' title="bbox 76 1060 1440 1128; baseline 0 -21"><span class='ocrx_word' id='word_1_95' title='bbox 76 1083 96 1103; x_wconf 65' lang='lat'>&gt;³</span> <span class='ocrx_word' id='word_1_96' title='bbox 120 1078 258 1124; x_wconf 89' lang='lat' dir='ltr'>neque</span> <span class='ocrx_word' id='word_1_97' title='bbox 285 1060 462 1120; x_wconf 81' lang='lat' dir='ltr'>virgam.</span> <span class='ocrx_word' id='word_1_98' title='bbox 493 1062 658 1121; x_wconf 86' lang='lat' dir='ltr'>Dignus</span> <span class='ocrx_word' id='word_1_99' title='bbox 683 1073 744 1108; x_wconf 90' lang='lat' dir='ltr'>est</span> <span class='ocrx_word' id='word_1_100' title='bbox 764 1062 877 1107; x_wconf 90' lang='lat' dir='ltr'>enim</span> <span class='ocrx_word' id='word_1_101' title='bbox 900 1061 1119 1128; x_wconf 83' lang='lat' dir='ltr'>operarius</span> <span class='ocrx_word' id='word_1_102' title='bbox 1144 1060 1244 1106; x_wconf 89' lang='lat' dir='ltr'>cibo</span> <span class='ocrx_word' id='word_1_103' title='bbox 1273 1061 1391 1107; x_wconf 79' lang='lat' dir='ltr'>suo2.</span> <span class='ocrx_word' id='word_1_104' title='bbox 1420 1081 1440 1102; x_wconf 70' lang='lat'>&gt;³</span> 
     </span>
     <span class='ocr_line' id='line_1_16' title="bbox 77 1129 1443 1195; baseline -0.001 -18"><span class='ocrx_word' id='word_1_105' title='bbox 77 1130 188 1177; x_wconf 88' lang='lat' dir='ltr'>Ecce</span> <span class='ocrx_word' id='word_1_106' title='bbox 211 1131 287 1177; x_wconf 90' lang='lat' dir='ltr'>ubi</span> <span class='ocrx_word' id='word_1_107' title='bbox 305 1131 527 1177; x_wconf 89' lang='lat' dir='ltr'>constituit</span> <span class='ocrx_word' id='word_1_108' title='bbox 550 1132 760 1178; x_wconf 87' lang='lat' dir='ltr'>Dominus</span> <span class='ocrx_word' id='word_1_109' title='bbox 787 1131 906 1195; x_wconf 88' lang='lat' dir='ltr'>quod</span> <span class='ocrx_word' id='word_1_110' title='bbox 929 1131 1044 1177; x_wconf 90' lang='lat' dir='ltr'>idem</span> <span class='ocrx_word' id='word_1_111' title='bbox 1063 1129 1293 1194; x_wconf 87' lang='lat' dir='ltr'>Apostolus</span> <span class='ocrx_word' id='word_1_112' title='bbox 1318 1147 1443 1176; x_wconf 87' lang='lat' dir='ltr'>com-</span> 
     </span>
     <span class='ocr_line' id='line_1_17' title="bbox 75 1200 1445 1264; baseline 0 -17"><span class='ocrx_word' id='word_1_113' title='bbox 75 1212 298 1248; x_wconf 82' lang='lat' dir='ltr'>memorat.</span> <span class='ocrx_word' id='word_1_114' title='bbox 327 1200 395 1248; x_wconf 88' lang='lat' dir='ltr'>Ad</span> <span class='ocrx_word' id='word_1_115' title='bbox 423 1200 509 1248; x_wconf 88' lang='lat' dir='ltr'>hoc</span> <span class='ocrx_word' id='word_1_116' title='bbox 531 1202 645 1248; x_wconf 88' lang='lat' dir='ltr'>enim</span> <span class='ocrx_word' id='word_1_117' title='bbox 673 1202 780 1248; x_wconf 75' lang='lat' dir='ltr'>dixit</span> <span class='ocrx_word' id='word_1_118' title='bbox 801 1202 874 1248; x_wconf 83' lang='lat' dir='ltr'>illa</span> <span class='ocrx_word' id='word_1_119' title='bbox 894 1202 1036 1248; x_wconf 85' lang='lat' dir='ltr'>omnia</span> <span class='ocrx_word' id='word_1_120' title='bbox 1062 1218 1113 1246; x_wconf 91' lang='lat' dir='ltr'>ne</span> <span class='ocrx_word' id='word_1_121' title='bbox 1131 1211 1372 1264; x_wconf 85' lang='lat' dir='ltr'>portarent,</span> <span class='ocrx_word' id='word_1_122' title='bbox 1397 1212 1445 1247; x_wconf 85' lang='lat' dir='ltr'>ut</span> 
     </span>
     <span class='ocr_line' id='line_1_18' title="bbox 76 1272 1445 1336; baseline -0.001 -18"><span class='ocrx_word' id='word_1_123' title='bbox 76 1272 153 1318; x_wconf 93' lang='lat' dir='ltr'>ubi</span> <span class='ocrx_word' id='word_1_124' title='bbox 175 1289 286 1335; x_wconf 90' lang='lat' dir='ltr'>opus</span> <span class='ocrx_word' id='word_1_125' title='bbox 320 1282 441 1327; x_wconf 88' lang='lat' dir='ltr'>esset,</span> <span class='ocrx_word' id='word_1_126' title='bbox 479 1272 534 1318; x_wconf 88' lang='lat' dir='ltr'>ab</span> <span class='ocrx_word' id='word_1_127' title='bbox 567 1272 625 1317; x_wconf 89' lang='lat' dir='ltr'>eis</span> <span class='ocrx_word' id='word_1_128' title='bbox 659 1273 902 1336; x_wconf 81' lang='lat' dir='ltr'>acciperent</span> <span class='ocrx_word' id='word_1_129' title='bbox 933 1272 1094 1336; x_wconf 83' lang='lat' dir='ltr'>quibus</span> <span class='ocrx_word' id='word_1_130' title='bbox 1127 1272 1445 1318; x_wconf 85' lang='lat' dir='ltr'>annuntiabant</span> 
     </span>
     <span class='ocr_line' id='line_1_19' title="bbox 77 1341 402 1403; baseline 0.003 -15"><span class='ocrx_word' id='word_1_131' title='bbox 77 1360 254 1403; x_wconf 85' lang='lat' dir='ltr'>regnum</span> <span class='ocrx_word' id='word_1_132' title='bbox 281 1341 402 1389; x_wconf 76' lang='lat' dir='ltr'>Dei3.</span> 
     </span>
    </p>

    <p class='ocr_par' dir='ltr' id='par_1_5' title="bbox 75 1411 1453 2534">
     <span class='ocr_line' id='line_1_20' title="bbox 143 1411 1443 1475; baseline 0.001 -18"><span class='ocrx_word' id='word_1_133' title='bbox 143 1413 238 1459; x_wconf 78' lang='lat' dir='ltr'>Vll.</span> <span class='ocrx_word' id='word_1_134' title='bbox 281 1413 343 1457; x_wconf 67' lang='lat' dir='ltr'>Ne</span> <span class='ocrx_word' id='word_1_135' title='bbox 377 1412 472 1475; x_wconf 88' lang='lat' dir='ltr'>quis</span> <span class='ocrx_word' id='word_1_136' title='bbox 513 1423 653 1459; x_wconf 82' lang='lat' dir='ltr'>autem</span> <span class='ocrx_word' id='word_1_137' title='bbox 687 1413 920 1459; x_wconf 86' lang='lat' dir='ltr'>arbitretur</span> <span class='ocrx_word' id='word_1_138' title='bbox 953 1412 1051 1458; x_wconf 87' lang='lat' dir='ltr'>solis</span> <span class='ocrx_word' id='word_1_139' title='bbox 1092 1411 1324 1458; x_wconf 83' lang='lat' dir='ltr'>duodecim</span> <span class='ocrx_word' id='word_1_140' title='bbox 1357 1412 1443 1458; x_wconf 82' lang='lat' dir='ltr'>hoc</span> 
     </span>
     <span class='ocr_line' id='line_1_21' title="bbox 75 1480 1445 1546; baseline 0.002 -20"><span class='ocrx_word' id='word_1_141' title='bbox 75 1480 201 1527; x_wconf 86' lang='lat' dir='ltr'>fuisse</span> <span class='ocrx_word' id='word_1_142' title='bbox 225 1498 505 1536; x_wconf 84' lang='lat' dir='ltr'>concessum3</span> <span class='ocrx_word' id='word_1_143' title='bbox 534 1482 631 1528; x_wconf 77' lang='lat' dir='ltr'>vide</span> <span class='ocrx_word' id='word_1_144' title='bbox 656 1483 784 1528; x_wconf 82' lang='lat' dir='ltr'>etiam</span> <span class='ocrx_word' id='word_1_145' title='bbox 811 1482 918 1546; x_wconf 88' lang='lat' dir='ltr'>quid</span> <span class='ocrx_word' id='word_1_146' title='bbox 942 1483 1082 1528; x_wconf 79' lang='lat' dir='ltr'>Lucas</span> <span class='ocrx_word' id='word_1_147' title='bbox 1105 1493 1248 1527; x_wconf 87' lang='lat' dir='ltr'>narret</span> <span class='ocrx_word' id='word_1_148' title='bbox 1269 1500 1278 1527; x_wconf 91' lang='lat'>:</span> <span class='ocrx_word' id='word_1_149' title='bbox 1303 1504 1323 1524; x_wconf 88' lang='lat'>«</span> <span class='ocrx_word' id='word_1_150' title='bbox 1342 1483 1445 1528; x_wconf 83' lang='lat' dir='ltr'>Post</span> 
     </span>
     <span class='ocr_line' id='line_1_22' title="bbox 79 1552 1446 1617; baseline 0.004 -22"><span class='ocrx_word' id='word_1_151' title='bbox 79 1573 99 1594; x_wconf 82' lang='lat'>›&gt;</span> <span class='ocrx_word' id='word_1_152' title='bbox 121 1552 237 1608; x_wconf 63' lang='lat' dir='ltr'>haec,</span> <span class='ocrx_word' id='word_1_153' title='bbox 264 1553 422 1616; x_wconf 84' lang='lat' dir='ltr'>inquit,</span> <span class='ocrx_word' id='word_1_154' title='bbox 458 1553 696 1613; x_wconf 79' lang='lat' dir='ltr'>designavit</span> <span class='ocrx_word' id='word_1_155' title='bbox 730 1554 943 1599; x_wconf 88' lang='lat' dir='ltr'>Dominus</span> <span class='ocrx_word' id='word_1_156' title='bbox 976 1563 1017 1597; x_wconf 90' lang='lat' dir='ltr'>et</span> <span class='ocrx_word' id='word_1_157' title='bbox 1041 1552 1142 1598; x_wconf 80' lang='lat' dir='ltr'>alios</span> <span class='ocrx_word' id='word_1_158' title='bbox 1177 1553 1446 1617; x_wconf 81' lang='lat' dir='ltr'>septuaginta</span> 
     </span>
     <span class='ocr_line' id='line_1_23' title="bbox 80 1623 1445 1681; baseline 0 -12"><span class='ocrx_word' id='word_1_159' title='bbox 80 1647 100 1666; x_wconf 90' lang='lat'>»</span> <span class='ocrx_word' id='word_1_160' title='bbox 124 1624 248 1681; x_wconf 81' lang='lat' dir='ltr'>duos,</span> <span class='ocrx_word' id='word_1_161' title='bbox 281 1637 322 1670; x_wconf 90' lang='lat' dir='ltr'>et</span> <span class='ocrx_word' id='word_1_162' title='bbox 346 1625 461 1670; x_wconf 87' lang='lat' dir='ltr'>misit</span> <span class='ocrx_word' id='word_1_163' title='bbox 483 1624 578 1670; x_wconf 89' lang='lat' dir='ltr'>illos</span> <span class='ocrx_word' id='word_1_164' title='bbox 601 1625 726 1670; x_wconf 88' lang='lat' dir='ltr'>binos</span> <span class='ocrx_word' id='word_1_165' title='bbox 751 1635 848 1670; x_wconf 88' lang='lat' dir='ltr'>ante</span> <span class='ocrx_word' id='word_1_166' title='bbox 875 1623 1027 1670; x_wconf 80' lang='lat' dir='ltr'>faciem</span> <span class='ocrx_word' id='word_1_167' title='bbox 1059 1641 1178 1670; x_wconf 88' lang='lat' dir='ltr'>suam</span> <span class='ocrx_word' id='word_1_168' title='bbox 1204 1625 1247 1669; x_wconf 90' lang='lat' dir='ltr'>in</span> <span class='ocrx_word' id='word_1_169' title='bbox 1272 1642 1445 1671; x_wconf 88' lang='lat' dir='ltr'>omnem</span> 
     </span>
     <span class='ocr_line' id='line_1_24' title="bbox 80 1695 1446 1759; baseline 0.001 -19"><span class='ocrx_word' id='word_1_170' title='bbox 80 1716 100 1736; x_wconf 74' lang='lat' dir='ltr'>n</span> <span class='ocrx_word' id='word_1_171' title='bbox 123 1695 336 1741; x_wconf 77' lang='lat' dir='ltr'>civitatem</span> <span class='ocrx_word' id='word_1_172' title='bbox 363 1705 405 1740; x_wconf 91' lang='lat' dir='ltr'>et</span> <span class='ocrx_word' id='word_1_173' title='bbox 426 1696 570 1741; x_wconf 88' lang='lat' dir='ltr'>locum</span> <span class='ocrx_word' id='word_1_174' title='bbox 597 1713 683 1759; x_wconf 93' lang='lat' dir='ltr'>quo</span> <span class='ocrx_word' id='word_1_175' title='bbox 711 1706 801 1742; x_wconf 78' lang='lat' dir='ltr'>erat</span> <span class='ocrx_word' id='word_1_176' title='bbox 823 1696 914 1759; x_wconf 87' lang='lat' dir='ltr'>ipse</span> <span class='ocrx_word' id='word_1_177' title='bbox 938 1705 1157 1742; x_wconf 85' lang='lat' dir='ltr'>venturus.</span> <span class='ocrx_word' id='word_1_178' title='bbox 1193 1696 1248 1740; x_wconf 90' lang='lat' dir='ltr'>Et</span> <span class='ocrx_word' id='word_1_179' title='bbox 1272 1695 1446 1741; x_wconf 87' lang='lat' dir='ltr'>dicebat</span> 
     </span>
     <span class='ocr_line' id='line_1_25' title="bbox 80 1765 1444 1830; baseline 0.001 -20"><span class='ocrx_word' id='word_1_180' title='bbox 80 1787 100 1806; x_wconf 84' lang='lat'>»</span> <span class='ocrx_word' id='word_1_181' title='bbox 126 1765 208 1812; x_wconf 87' lang='lat' dir='ltr'>illis</span> <span class='ocrx_word' id='word_1_182' title='bbox 229 1783 240 1810; x_wconf 73' lang='grc' dir='ltr'>ι</span> <span class='ocrx_word' id='word_1_183' title='bbox 260 1766 404 1811; x_wconf 88' lang='lat' dir='ltr'>Messis</span> <span class='ocrx_word' id='word_1_184' title='bbox 426 1766 602 1830; x_wconf 83' lang='lat' dir='ltr'>quidem</span> <span class='ocrx_word' id='word_1_185' title='bbox 628 1767 781 1824; x_wconf 85' lang='lat' dir='ltr'>multa,</span> <span class='ocrx_word' id='word_1_186' title='bbox 812 1766 996 1829; x_wconf 84' lang='lat' dir='ltr'>operarii</span> <span class='ocrx_word' id='word_1_187' title='bbox 1021 1775 1162 1811; x_wconf 82' lang='lat' dir='ltr'>autem</span> <span class='ocrx_word' id='word_1_188' title='bbox 1181 1766 1339 1828; x_wconf 82' lang='lat' dir='ltr'>pauci3</span> <span class='ocrx_word' id='word_1_189' title='bbox 1369 1783 1444 1812; x_wconf 88' lang='lat' dir='ltr'>ro-</span> 
     </span>
     <span class='ocr_line' id='line_1_26' title="bbox 81 1836 1443 1899; baseline 0.004 -22"><span class='ocrx_word' id='word_1_190' title='bbox 81 1857 100 1876; x_wconf 79' lang='lat'>»</span> <span class='ocrx_word' id='word_1_191' title='bbox 124 1846 216 1895; x_wconf 61' lang='lat' dir='ltr'>gatte</span> <span class='ocrx_word' id='word_1_192' title='bbox 241 1853 340 1896; x_wconf 88' lang='lat' dir='ltr'>ergo</span> <span class='ocrx_word' id='word_1_193' title='bbox 363 1836 594 1882; x_wconf 90' lang='lat' dir='ltr'>Dominum</span> <span class='ocrx_word' id='word_1_194' title='bbox 615 1837 776 1892; x_wconf 89' lang='lat' dir='ltr'>messis,</span> <span class='ocrx_word' id='word_1_195' title='bbox 799 1847 846 1881; x_wconf 90' lang='lat' dir='ltr'>ut</span> <span class='ocrx_word' id='word_1_196' title='bbox 865 1836 1006 1881; x_wconf 78' lang='lat' dir='ltr'>mittat</span> <span class='ocrx_word' id='word_1_197' title='bbox 1029 1836 1247 1899; x_wconf 87' lang='lat' dir='ltr'>operarios</span> <span class='ocrx_word' id='word_1_198' title='bbox 1267 1836 1310 1881; x_wconf 91' lang='lat' dir='ltr'>in</span> <span class='ocrx_word' id='word_1_199' title='bbox 1329 1854 1443 1882; x_wconf 86' lang='lat' dir='ltr'>mes-</span> 
     </span>
     <span class='ocr_line' id='line_1_27' title="bbox 81 1906 1444 1966; baseline 0.004 -18"><span class='ocrx_word' id='word_1_200' title='bbox 81 1927 101 1948; x_wconf 74' lang='lat'>»</span> <span class='ocrx_word' id='word_1_201' title='bbox 124 1923 210 1962; x_wconf 71' lang='lat' dir='ltr'>sem</span> <span class='ocrx_word' id='word_1_202' title='bbox 233 1923 368 1953; x_wconf 88' lang='lat' dir='ltr'>suam.</span> <span class='ocrx_word' id='word_1_203' title='bbox 400 1906 480 1962; x_wconf 82' lang='lat' dir='ltr'>lte,</span> <span class='ocrx_word' id='word_1_204' title='bbox 503 1924 601 1952; x_wconf 87' lang='lat' dir='ltr'>ecce</span> <span class='ocrx_word' id='word_1_205' title='bbox 619 1924 695 1966; x_wconf 85' lang='lat' dir='ltr'>ego</span> <span class='ocrx_word' id='word_1_206' title='bbox 715 1907 839 1952; x_wconf 86' lang='lat' dir='ltr'>mitto</span> <span class='ocrx_word' id='word_1_207' title='bbox 862 1924 937 1953; x_wconf 77' lang='lat' dir='ltr'>vos</span> <span class='ocrx_word' id='word_1_208' title='bbox 956 1907 1066 1952; x_wconf 88' lang='lat' dir='ltr'>sicut</span> <span class='ocrx_word' id='word_1_209' title='bbox 1090 1923 1219 1966; x_wconf 84' lang='lat' dir='ltr'>agnos</span> <span class='ocrx_word' id='word_1_210' title='bbox 1238 1907 1348 1952; x_wconf 88' lang='lat' dir='ltr'>inter</span> <span class='ocrx_word' id='word_1_211' title='bbox 1371 1907 1444 1953; x_wconf 89' lang='lat' dir='ltr'>lu-</span> 
     </span>
     <span class='ocr_line' id='line_1_28' title="bbox 81 1976 1448 2041; baseline 0.004 -23"><span class='ocrx_word' id='word_1_212' title='bbox 81 1998 102 2018; x_wconf 85' lang='lat'>»</span> <span class='ocrx_word' id='word_1_213' title='bbox 125 1994 216 2040; x_wconf 82' lang='lat' dir='ltr'>pos,</span> <span class='ocrx_word' id='word_1_214' title='bbox 252 1976 394 2022; x_wconf 85' lang='lat' dir='ltr'>Nolite</span> <span class='ocrx_word' id='word_1_215' title='bbox 425 1987 600 2040; x_wconf 82' lang='lat' dir='ltr'>portare</span> <span class='ocrx_word' id='word_1_216' title='bbox 632 1978 880 2033; x_wconf 87' lang='lat' dir='ltr'>sacculum,</span> <span class='ocrx_word' id='word_1_217' title='bbox 919 1994 1058 2040; x_wconf 87' lang='lat' dir='ltr'>neque</span> <span class='ocrx_word' id='word_1_218' title='bbox 1099 1994 1270 2039; x_wconf 84' lang='lat' dir='ltr'>peram,</span> <span class='ocrx_word' id='word_1_219' title='bbox 1309 1995 1448 2041; x_wconf 87' lang='lat' dir='ltr'>neque</span> 
     </span>
     <span class='ocr_line' id='line_1_29' title="bbox 81 2046 1448 2111; baseline 0.004 -22"><span class='ocrx_word' id='word_1_220' title='bbox 81 2069 101 2089; x_wconf 83' lang='lat'>»</span> <span class='ocrx_word' id='word_1_221' title='bbox 126 2046 442 2103; x_wconf 84' lang='lat' dir='ltr'>calceamenta,</span> <span class='ocrx_word' id='word_1_222' title='bbox 473 2057 515 2092; x_wconf 91' lang='lat' dir='ltr'>et</span> <span class='ocrx_word' id='word_1_223' title='bbox 545 2049 757 2093; x_wconf 89' lang='lat' dir='ltr'>neminem</span> <span class='ocrx_word' id='word_1_224' title='bbox 792 2064 870 2111; x_wconf 85' lang='lat' dir='ltr'>per</span> <span class='ocrx_word' id='word_1_225' title='bbox 902 2046 1015 2092; x_wconf 79' lang='lat' dir='ltr'>viam</span> <span class='ocrx_word' id='word_1_226' title='bbox 1051 2046 1349 2094; x_wconf 84' lang='lat' dir='ltr'>salutaveritis.</span> <span class='ocrx_word' id='word_1_227' title='bbox 1397 2050 1448 2094; x_wconf 87' lang='lat' dir='ltr'>ln</span> 
     </span>
     <span class='ocr_line' id='line_1_30' title="bbox 81 2116 1449 2182; baseline 0.004 -22"><span class='ocrx_word' id='word_1_228' title='bbox 81 2139 103 2160; x_wconf 84' lang='grc'>»</span> <span class='ocrx_word' id='word_1_229' title='bbox 125 2134 443 2182; x_wconf 87' lang='lat' dir='ltr'>quamcumque</span> <span class='ocrx_word' id='word_1_230' title='bbox 465 2117 645 2163; x_wconf 86' lang='lat' dir='ltr'>domum</span> <span class='ocrx_word' id='word_1_231' title='bbox 668 2117 948 2172; x_wconf 79' lang='lat' dir='ltr'>intraveritis,</span> <span class='ocrx_word' id='word_1_232' title='bbox 969 2116 1162 2181; x_wconf 87' lang='lat' dir='ltr'>primum</span> <span class='ocrx_word' id='word_1_233' title='bbox 1188 2116 1343 2164; x_wconf 65' lang='lat' dir='ltr'>dicite:</span> <span class='ocrx_word' id='word_1_234' title='bbox 1360 2119 1449 2165; x_wconf 78' lang='lat' dir='ltr'>Pax</span> 
     </span>
     <span class='ocr_line' id='line_1_31' title="bbox 82 2187 1448 2252; baseline 0.003 -22"><span class='ocrx_word' id='word_1_235' title='bbox 82 2210 103 2230; x_wconf 83' lang='lat'>›&gt;</span> <span class='ocrx_word' id='word_1_236' title='bbox 125 2188 231 2234; x_wconf 89' lang='lat' dir='ltr'>huic</span> <span class='ocrx_word' id='word_1_237' title='bbox 245 2187 406 2234; x_wconf 89' lang='lat' dir='ltr'>domui.</span> <span class='ocrx_word' id='word_1_238' title='bbox 431 2188 486 2232; x_wconf 90' lang='lat' dir='ltr'>Et</span> <span class='ocrx_word' id='word_1_239' title='bbox 503 2188 536 2233; x_wconf 91' lang='lat' dir='ltr'>si</span> <span class='ocrx_word' id='word_1_240' title='bbox 552 2188 615 2233; x_wconf 89' lang='lat' dir='ltr'>ibi</span> <span class='ocrx_word' id='word_1_241' title='bbox 632 2187 761 2233; x_wconf 85' lang='lat' dir='ltr'>fuerit</span> <span class='ocrx_word' id='word_1_242' title='bbox 778 2187 892 2233; x_wconf 81' lang='lat' dir='ltr'>filius</span> <span class='ocrx_word' id='word_1_243' title='bbox 909 2187 1050 2250; x_wconf 85' lang='lat' dir='ltr'>pacis,</span> <span class='ocrx_word' id='word_1_244' title='bbox 1069 2187 1302 2251; x_wconf 88' lang='lat' dir='ltr'>requiescet</span> <span class='ocrx_word' id='word_1_245' title='bbox 1318 2206 1448 2252; x_wconf 85' lang='lat' dir='ltr'>super</span> 
     </span>
     <span class='ocr_line' id='line_1_32' title="bbox 83 2256 1449 2322; baseline 0.002 -20"><span class='ocrx_word' id='word_1_246' title='bbox 83 2258 251 2305; x_wconf 88' lang='lat' dir='ltr'>»illum</span> <span class='ocrx_word' id='word_1_247' title='bbox 283 2275 366 2322; x_wconf 82' lang='lat' dir='ltr'>pax</span> <span class='ocrx_word' id='word_1_248' title='bbox 397 2268 566 2304; x_wconf 81' lang='lat' dir='ltr'>vestra:</span> <span class='ocrx_word' id='word_1_249' title='bbox 589 2258 652 2303; x_wconf 89' lang='lat' dir='ltr'>sin</span> <span class='ocrx_word' id='word_1_250' title='bbox 689 2268 859 2315; x_wconf 85' lang='lat' dir='ltr'>autem,</span> <span class='ocrx_word' id='word_1_251' title='bbox 902 2256 957 2303; x_wconf 87' lang='lat' dir='ltr'>ad</span> <span class='ocrx_word' id='word_1_252' title='bbox 995 2275 1068 2303; x_wconf 83' lang='lat' dir='ltr'>vos</span> <span class='ocrx_word' id='word_1_253' title='bbox 1103 2267 1349 2305; x_wconf 84' lang='lat' dir='ltr'>revertetur.</span> <span class='ocrx_word' id='word_1_254' title='bbox 1397 2261 1449 2305; x_wconf 88' lang='lat' dir='ltr'>In</span> 
     </span>
     <span class='ocr_line' id='line_1_33' title="bbox 84 2328 1450 2393; baseline 0.003 -21"><span class='ocrx_word' id='word_1_255' title='bbox 84 2352 104 2372; x_wconf 66' lang='grc' dir='ltr'><strong>υ</strong></span> <span class='ocrx_word' id='word_1_256' title='bbox 127 2329 276 2376; x_wconf 88' lang='lat' dir='ltr'>eadem</span> <span class='ocrx_word' id='word_1_257' title='bbox 305 2339 448 2374; x_wconf 88' lang='lat' dir='ltr'>autem</span> <span class='ocrx_word' id='word_1_258' title='bbox 477 2328 606 2374; x_wconf 91' lang='lat' dir='ltr'>domo</span> <span class='ocrx_word' id='word_1_259' title='bbox 632 2340 799 2375; x_wconf 85' lang='lat' dir='ltr'>manete</span> <span class='ocrx_word' id='word_1_260' title='bbox 816 2366 828 2386; x_wconf 88' lang='lat'><strong>,</strong></span> <span class='ocrx_word' id='word_1_261' title='bbox 860 2328 1030 2375; x_wconf 86' lang='lat' dir='ltr'>edentes</span> <span class='ocrx_word' id='word_1_262' title='bbox 1056 2338 1098 2373; x_wconf 87' lang='lat' dir='ltr'>et</span> <span class='ocrx_word' id='word_1_263' title='bbox 1126 2328 1323 2374; x_wconf 90' lang='lat' dir='ltr'>bibentes</span> <span class='ocrx_word' id='word_1_264' title='bbox 1350 2346 1450 2393; x_wconf 77' lang='lat' dir='ltr'>quae</span> 
     </span>
     <span class='ocr_line' id='line_1_34' title="bbox 85 2398 1453 2464; baseline 0.003 -21"><span class='ocrx_word' id='word_1_265' title='bbox 85 2422 106 2443; x_wconf 88' lang='lat'>&gt;)</span> <span class='ocrx_word' id='word_1_266' title='bbox 131 2399 250 2464; x_wconf 85' lang='lat' dir='ltr'>apud</span> <span class='ocrx_word' id='word_1_267' title='bbox 276 2399 372 2445; x_wconf 89' lang='lat' dir='ltr'>illos</span> <span class='ocrx_word' id='word_1_268' title='bbox 403 2410 518 2446; x_wconf 89' lang='lat' dir='ltr'>sunt.</span> <span class='ocrx_word' id='word_1_269' title='bbox 557 2399 724 2459; x_wconf 83' lang='lat' dir='ltr'>Dignus</span> <span class='ocrx_word' id='word_1_270' title='bbox 755 2410 819 2446; x_wconf 85' lang='lat' dir='ltr'>est</span> <span class='ocrx_word' id='word_1_271' title='bbox 853 2399 968 2445; x_wconf 87' lang='lat' dir='ltr'>enim</span> <span class='ocrx_word' id='word_1_272' title='bbox 1003 2398 1223 2462; x_wconf 84' lang='lat' dir='ltr'>operarius</span> <span class='ocrx_word' id='word_1_273' title='bbox 1257 2400 1453 2447; x_wconf 88' lang='lat' dir='ltr'>mercede</span> 
     </span>
     <span class='ocr_line' id='line_1_35' title="bbox 85 2468 1450 2534; baseline 0.002 -21"><span class='ocrx_word' id='word_1_274' title='bbox 85 2493 106 2514; x_wconf 85' lang='grc'><em>»</em></span> <span class='ocrx_word' id='word_1_275' title='bbox 132 2468 250 2517; x_wconf 54' lang='lat' dir='ltr'>sual&amp;</span> <span class='ocrx_word' id='word_1_276' title='bbox 271 2491 292 2512; x_wconf 85' lang='lat'>»</span> <span class='ocrx_word' id='word_1_277' title='bbox 311 2469 396 2516; x_wconf 90' lang='lat' dir='ltr'>Hic</span> <span class='ocrx_word' id='word_1_278' title='bbox 425 2480 606 2534; x_wconf 87' lang='lat' dir='ltr'>apparet</span> <span class='ocrx_word' id='word_1_279' title='bbox 628 2486 717 2516; x_wconf 93' lang='lat' dir='ltr'>non</span> <span class='ocrx_word' id='word_1_280' title='bbox 747 2487 833 2516; x_wconf 86' lang='lat' dir='ltr'>esse</span> <span class='ocrx_word' id='word_1_281' title='bbox 860 2468 934 2516; x_wconf 86' lang='lat' dir='ltr'>illa</span> <span class='ocrx_word' id='word_1_282' title='bbox 951 2472 1096 2529; x_wconf 85' lang='lat' dir='ltr'>jussa,</span> <span class='ocrx_word' id='word_1_283' title='bbox 1125 2468 1197 2515; x_wconf 82' lang='lat' dir='ltr'>secl</span> <span class='ocrx_word' id='word_1_284' title='bbox 1220 2470 1450 2532; x_wconf 86' lang='lat' dir='ltr'>permissa;</span> 
     </span>
    </p>
   </div>
   <div class='ocr_carea' id='block_1_5' title="bbox 87 2554 1453 2652">
    <p class='ocr_par' dir='ltr' id='par_1_6' title="bbox 87 2554 1453 2652">
     <span class='ocr_line' id='line_1_36' title="bbox 133 2554 1453 2600; baseline 0.001 -11"><span class='ocrx_word' id='word_1_285' title='bbox 133 2559 144 2581; x_wconf 91' lang='lat'><strong>¹</strong></span> <span class='ocrx_word' id='word_1_286' title='bbox 170 2561 244 2589; x_wconf 91' lang='lat' dir='ltr'>Luc.</span> <span class='ocrx_word' id='word_1_287' title='bbox 270 2568 341 2597; x_wconf 79' lang='lat' dir='ltr'>vm,</span> <span class='ocrx_word' id='word_1_288' title='bbox 365 2558 432 2590; x_wconf 76' lang='lat'>1-3.</span> <span class='ocrx_word' id='word_1_289' title='bbox 454 2575 497 2583; x_wconf 90' lang='lat'>—</span> <span class='ocrx_word' id='word_1_290' title='bbox 523 2554 539 2579; x_wconf 83' lang='lat'><em>2</em></span> <span class='ocrx_word' id='word_1_291' title='bbox 562 2557 679 2590; x_wconf 73' lang='lat' dir='ltr'>Manli.</span> <span class='ocrx_word' id='word_1_292' title='bbox 700 2569 732 2599; x_wconf 85' lang='lat' dir='ltr'>x,</span> <span class='ocrx_word' id='word_1_293' title='bbox 765 2568 858 2599; x_wconf 85' lang='lat'><strong>7·1⁰·</strong></span> <span class='ocrx_word' id='word_1_294' title='bbox 877 2576 917 2582; x_wconf 91' lang='lat'><strong>—</strong></span> <span class='ocrx_word' id='word_1_295' title='bbox 938 2554 953 2579; x_wconf 82' lang='grc'>3</span> <span class='ocrx_word' id='word_1_296' title='bbox 977 2567 990 2589; x_wconf 82' lang='lat' dir='ltr'>x</span> <span class='ocrx_word' id='word_1_297' title='bbox 1022 2557 1094 2599; x_wconf 54' lang='lat' dir='ltr'>(jor.</span> <span class='ocrx_word' id='word_1_298' title='bbox 1125 2567 1174 2600; x_wconf 79' lang='lat' dir='ltr'>xx,</span> <span class='ocrx_word' id='word_1_299' title='bbox 1204 2562 1257 2594; x_wconf 74' lang='lat'>14.</span> <span class='ocrx_word' id='word_1_300' title='bbox 1279 2575 1328 2583; x_wconf 98' lang='lat'><strong>—</strong></span> <span class='ocrx_word' id='word_1_301' title='bbox 1344 2554 1359 2580; x_wconf 74' lang='lat'><em>4</em></span> <span class='ocrx_word' id='word_1_302' title='bbox 1378 2561 1453 2594; x_wconf 82' lang='lat' dir='ltr'>Luc.</span> 
     </span>
     <span class='ocr_line' id='line_1_37' title="bbox 87 2622 228 2652; baseline -0.014 -8"><span class='ocrx_word' id='word_1_303' title='bbox 87 2622 107 2644; x_wconf 82' lang='lat' dir='ltr'>x</span> <span class='ocrx_word' id='word_1_304' title='bbox 123 2635 132 2652; x_wconf 93' lang='lat'>,</span> <span class='ocrx_word' id='word_1_305' title='bbox 161 2622 228 2651; x_wconf 83' lang='lat'><strong>1-7·</strong></span> 
     </span>
    </p>
   </div>
  </div>
 </body>
</html>
