1758 3246
288 236 372 281 166
700 251 735 279 s.
778 250 1019 279 AUGusT1N1
1056 250 1256 278 EPISCOPI

279 331 492 378 pauperes
512 351 522 361 .
544 313 797 365 mediocres„
821 331 958 358 mares
974 351 983 361 .
1006 313 1223 359 foeminas,
1248 311 1452 367 infantes,
1474 330 1649 375 pueros2

283 384 570 436 adolescentes
587 420 596 433 ,
620 387 797 443 Juvenes
816 421 825 436 ,
849 384 1030 427 seniores
1049 420 1059 435 ,
1084 400 1199 427 senes
1219 402 1228 434 ;
1259 383 1300 427 in
1329 383 1486 441 linguis
1509 377 1654 429 omniss

279 454 361 498 bus
378 489 388 503 ,
418 453 462 498 in
484 454 677 498 moribus
703 454 906 498 omnibus
925 489 935 505 ,
962 454 1005 497 in
1032 453 1197 496 artibus
1222 453 1451 504 omnibus,
1480 453 1523 497 in
1551 470 1655 515 pro-

278 522 534 568 fessionibus
558 523 791 574 omnibus,
830 522 873 566 in
909 521 1185 567 voluntatum
1222 531 1264 565 et
1297 522 1661 583 conscientiarum

280 594 482 638 varietate
501 591 808 638 innumerabili
829 592 1110 643 constitutos,
1142 601 1183 635 et
1202 590 1234 635 si
1254 592 1359 653 quid
1387 592 1505 637 aliud
1530 592 1659 637 diffe-

282 663 515 708 rentiarum
543 673 604 707 est
626 662 671 707 in
703 661 972 706 hominibus.
1006 660 1124 717 Quid
1151 670 1213 704 cst
1238 662 1350 705 enim
1371 678 1519 706 corum
1545 661 1660 706 unde

282 749 369 777 non
402 734 514 776 Deus
536 749 614 794 per
640 731 916 789 Unigenitum
947 747 1073 774 suum
1112 730 1344 774 Dominum
1370 741 1563 776 nostrum
1585 747 1662 793 per

284 818 430 847 omnes
454 812 598 860 gentes
628 800 766 845 salvos
792 800 880 844 fiori
909 800 1107 844 homines
1134 799 1265 855 velit,
1303 810 1344 845 et
1383 800 1480 845 ideo
1500 800 1630 850 faciat
1647 836 1658 856 ,

283 871 386 933 quia
416 870 688 931 omnipotens
711 868 819 916 velle
848 869 1034 914 inaniter
1064 885 1151 913 non
1188 879 1329 932 potest
1353 869 1664 933 quodcumque

285 938 500 989 voluerit?
526 940 801 1001 l'raeceperat
823 939 935 984 enim
966 938 1200 1000 Apostolus
1221 975 1231 989 ,
1258 949 1303 983 ut
1324 949 1519 985 oraretur
1536 960 1556 981 <z
1578 940 1664 984 Pro

287 1028 309 1049 ›>
332 1007 536 1052 omnibus
560 1006 842 1055 hominibus,
868 1030 886 1047 »
925 1019 966 1052 et
999 1007 1242 1072 specialiter
1272 1007 1498 1053 addiderat
1535 1030 1553 1049 «
1581 1009 1666 1062 Pro

286 1097 308 1118 n
328 1076 502 1136 regibus
527 1086 569 1120 et
585 1075 634 1120 iis
654 1076 728 1139 qui
751 1076 796 1120 in
817 1078 1083 1122 sublimitate
1104 1077 1233 1123 sunt1
1249 1116 1259 1134 ‚
1279 1101 1297 1118 »
1314 1079 1390 1141 qui
1413 1078 1561 1140 putari
1580 1094 1668 1142 po-

288 1157 454 1202 terant,
481 1146 590 1192 fastu
613 1158 656 1191 et
678 1147 881 1210 superbia
909 1146 1106 1192 saeculari
1135 1165 1157 1192 a
1184 1148 1283 1192 fidei
1309 1148 1558 1194 christianae
1578 1144 1669 1194 hu-

287 1216 472 1263 militate
496 1217 746 1263 abhorrere.
777 1216 966 1262 Proinde
993 1217 1141 1263 dicens
1166 1234 1177 1262 :
1211 1218 1347 1262 «Hoc
1369 1217 1482 1262 enim
1501 1217 1670 1263 bonum

290 1298 390 1346 »est
413 1304 557 1333 coram
583 1287 792 1332 salvatore
815 1297 961 1332 nostro
981 1288 1069 1333 Deo
1085 1325 1095 1340 ,
1121 1310 1140 1327 »
1161 1287 1205 1332 id
1240 1296 1330 1339 est,
1363 1297 1411 1331 ut
1441 1285 1566 1332 etiam
1589 1302 1670 1349 pro

292 1356 453 1413 talibus
472 1366 646 1401 oretur:
671 1358 815 1402 statim
835 1367 880 1401 ut
903 1356 1246 1418 desperationem
1261 1355 1445 1413 tolleret,
1468 1355 1638 1401 addidit
1656 1373 1667 1400 ι

293 1448 314 1469 «
338 1425 427 1482 Qui
453 1442 600 1470 omnes
624 1426 821 1469 homines
840 1425 934 1474 Vult
962 1425 1102 1471 salvos
1128 1426 1218 1470 ficri
1237 1464 1247 1481 ‚
1277 1436 1317 1470 et
1341 1428 1387 1471 in
1411 1427 1672 1485 agnitionem

294 1518 316 1539 ³>
334 1495 525 1541 fferitatis
547 1494 705 1546 venire.
737 1515 757 1535 ³>
789 1495 883 1539 Hoc
918 1495 1084 1558 quippe
1117 1496 1229 1540 Deus
1246 1497 1411 1542 bonum
1427 1495 1671 1555 judicavit,

295 1576 344 1612 ut
376 1564 648 1610 orationibus
689 1564 925 1609 humilium
959 1565 1209 1624 dignaretur
1250 1567 1432 1612 salutem
1467 1575 1674 1628 praestare

296 1634 584 1691 sublimium:
619 1633 739 1696 quod
774 1634 924 1697 utique
951 1638 1043 1694 jam
1077 1635 1274 1680 videmus
1307 1635 1553 1699 impletum.
1587 1634 1674 1679 lsto

293 1704 527 1750 locutionis
552 1703 680 1748 modo
701 1714 742 1748 et
768 1703 982 1749 Dominus
999 1714 1060 1749 est
1094 1721 1193 1750 usus
1223 1705 1269 1750 in
1309 1704 1565 1764 Evangeli0‚
1598 1703 1676 1748 ubi

299 1774 360 1820 ait
392 1773 659 1818 Pharisaeis:
699 1795 717 1812 «
740 1773 976 1824 Decimatis
1003 1774 1224 1819 mentham
1246 1785 1288 1819 et
1321 1785 1464 1820 rutam
1489 1784 1523 1818 et
1551 1790 1677 1818 omne

297 1865 319 1886 »
340 1843 480 1903 olus2.
507 1864 527 1883 »
557 1843 707 1906 Neque
732 1843 843 1888 enim
868 1843 1079 1891 Pharisaei
1107 1855 1146 1888 et
1164 1861 1456 1907 quaecumque
1481 1843 1615 1888 aliena
1641 1852 1683 1887 et

300 1913 498 1958 omnium
535 1929 614 1974 per
659 1929 806 1957 omnes
841 1923 971 1957 terras
1015 1912 1348 1972 alienigenarum
1390 1912 1534 1958 omnia
1567 1910 1683 1956 olera

299 1981 593 2042 decimabant.
639 1981 762 2028 Sicut
788 2000 887 2042 ergo
916 1983 989 2028 hic
1016 2005 1034 2023 «
1059 1984 1202 2029 Omne
1227 1983 1347 2038 olus,
1370 2004 1390 2024 »
1429 1998 1556 2026 omne
1588 1979 1682 2025 ole-

300 2068 398 2098 rum
426 2065 586 2112 genus3
611 2051 668 2094 ita
691 2062 733 2094 et
753 2051 841 2095 illic
863 2074 882 2091 ι(
907 2052 1069 2095 Omnes
1094 2052 1315 2103 homines.¹
1339 2074 1357 2091 »
1383 2068 1509 2095 omne
1533 2049 1682 2095 homi-

300 2138 405 2168 num
424 2136 556 2179 genus
574 2119 809 2179 intelligere
826 2138 1053 2183 possumus
1072 2139 1081 2166 :
1102 2132 1144 2165 et
1157 2139 1436 2190 quocumque
1451 2120 1532 2167 alio
1550 2119 1682 2165 modo

298 2190 475 2249 intelligi
496 2200 666 2253 potest,
694 2190 799 2235 dum
823 2202 965 2236 tamen
985 2191 1158 2237 credere
1181 2209 1267 2236 non
1288 2208 1495 2251 cogamur
1514 2189 1680 2254 aliquid

299 2260 644 2322 omnipotentem
668 2260 808 2304 Deum
833 2261 1017 2306 voluisse
1036 2261 1127 2306 fieri
1146 2298 1157 2315 ‚
1183 2261 1434 2324 factumque
1452 2277 1539 2305 non
1556 2257 1642 2304 esse
1666 2276 1678 2303 ε

301 2330 379 2393 qui
400 2329 490 2378 sine
515 2328 613 2373 ullis
634 2329 1015 2388 ambiguitatibu5‚
1046 2331 1079 2375 si
1115 2352 1133 2371 «
1156 2332 1207 2375 In
1227 2331 1341 2376 coelo
1373 2331 1476 2375 etin
1499 2340 1609 2374 terra
1625 2367 1636 2383 ‚
1662 2352 1681 2370 »

306 2400 418 2445 sicut
444 2415 543 2443 eum
575 2399 740 2443 Veritas
769 2410 915 2444 cantat
948 2418 958 2445 t
994 2422 1013 2441 «
1036 2400 1196 2446 Omnia
1223 2416 1513 2470 quaecumque
1543 2397 1683 2450 voluit

303 2468 472 2516 >›·fecit³
489 2506 499 2523 ‚
522 2489 543 2510 n
566 2468 764 2532 profecto
789 2469 928 2523 facere
944 2470 1085 2516 noluit
1107 2470 1417 2535 quodcumque
1445 2487 1533 2516 non
1555 2469 1674 2516 fecit.

351 2552 361 2572 1
388 2563 396 2580 ι
419 2551 502 2581 Tim.
517 2562 553 2585 n.
580 2562 605 2581 1.
622 2568 664 2574 —
679 2549 695 2572 ²
714 2554 786 2582 Luc.
803 2563 851 2589 xr,
865 2559 921 2588 42.
944 2569 986 2576 —-
1003 2550 1017 2574 3
1038 2553 1117 2584 Psal.
1139 2564 1233 2590 cxux,
1260 2565 1311 2584 11.

1751 2736 1755 2831 Δ..-,,-,
1751 2700 1755 2723 ν-
1751 2629 1755 2686 r-m
1750 2335 1758 2616 .-«”,«-.,-,,--,-.Α-,-
1750 2268 1758 2323 ’,η
1750 2172 1755 2255 -2.-—
