1758 3246
315 277 406 322 218
721 293 754 323 s.
798 291 1040 323 Aucusnm
1076 292 1279 325 EPIscoPI

312 377 333 398 »
348 356 528 402 faciatis
553 356 684 414 Quod
705 357 740 403 si
763 357 919 421 spiritu
943 357 1178 416 ducimini,
1201 376 1289 405 non
1313 359 1410 405 estis
1433 361 1515 407 sub
1535 360 1640 422 lege.
1662 382 1684 403 n

311 427 425 486 Ergo
460 427 542 473 sub
575 428 711 488 gratia
746 428 1001 474 constitutos
1024 429 1117 474 vult
1151 429 1283 475 istum
1316 429 1518 476 adversus
1546 447 1680 494 opera

310 498 448 543 carnis
484 497 647 545 habere
677 498 947 545 conflictum.
992 500 1047 544 Et
1070 499 1168 545 haec
1202 517 1335 563 opera
1364 501 1505 546 carnis
1537 512 1586 546 ut
1603 500 1684 546 de-

307 579 589 625 monstraret,
612 569 681 629 adj
691 569 808 616 unxit
827 586 926 632 quae
952 585 1083 631 supra
1100 572 1435 621 commemoravi
1460 589 1470 616 :
1504 592 1524 612 «
1548 570 1687 616 Mani-

308 657 329 679 »
349 637 455 684 festa
473 649 614 685 autem
634 650 733 685 sunt
757 656 887 706 opera
908 638 1065 694 carnis,
1084 655 1184 700 quae
1205 650 1305 684 sunt
1321 639 1644 696 fornicationes,
1664 660 1686 682 »

307 718 349 754 et
381 720 564 766 caetera,
605 711 691 755 sive
720 726 820 772 quae
854 709 1235 764 commemoravit,
1275 709 1362 756 sive
1394 727 1493 773 quae
1522 709 1686 755 intelli-

307 778 444 838 genda
465 779 735 829 commonuit
752 816 763 834 ,
788 778 970 823 maxime
996 777 1202 836 adjiciens
1224 795 1235 822 ε
1258 798 1278 818 α
1303 780 1360 824 Et
1382 779 1451 824 his
1467 778 1637 825 similia.
1663 798 1687 821 >>

307 849 505 911 Denique
520 849 566 893 in
583 849 670 894 hoc
695 847 849 912 praelio
874 846 1076 892 adversus
1096 846 1311 893 carnalem
1335 848 1528 911 quodam
1554 846 1687 894 modo

306 919 539 964 exercitum
578 919 697 964 velut
751 918 879 964 aliam
925 915 1175 978 producens
1227 917 1362 962 aciem
1405 916 1644 981 spiritalem
1671 934 1683 962 ς

307 1009 327 1028 ‹<
350 990 535 1034 Fructus
560 1000 702 1034 autem
719 988 896 1052 spiritus
914 997 976 1032 est
991 1023 1001 1042 ,
1022 986 1190 1049 inquit,
1218 987 1432 1044 charitas,
1454 987 1682 1048 gaudium,

302 1079 324 1100 >›
342 1077 425 1122 pax
443 1097 454 1113 ‚
486 1059 791 1119 longanimitas
809 1094 820 1112 ,
861 1057 1103 1116 benignitas
1124 1094 1134 1114 ‚
1169 1057 1365 1113 bonitas,
1392 1057 1521 1114 fides,
1556 1073 1686 1102 man-

302 1150 322 1170 »
341 1129 541 1186 suetudo,
560 1128 826 1175 continentia
849 1145 860 1172 :
889 1126 1090 1173 adversus
1108 1127 1367 1187 hujusmodi
1379 1145 1465 1173 non
1484 1137 1547 1173 est
1565 1126 1644 1173 leX.
1664 1146 1686 1167 »

303 1200 401 1244 Non
426 1200 485 1244 ait
500 1236 510 1251 ,
537 1199 739 1245 adversus
759 1198 883 1249 haec3
916 1213 969 1241 ne
989 1195 1078 1240 sola
1106 1212 1192 1241 esse
1211 1207 1474 1259 putarentur
1495 1213 1505 1240 :
1528 1213 1686 1260 quam-

302 1269 365 1315 vis
387 1280 429 1314 et
452 1270 486 1314 si
512 1270 599 1314 hoc
623 1269 784 1314 diceret
799 1304 809 1322 ,
842 1266 988 1311 omnia
1020 1266 1274 1312 deberemus
1293 1266 1530 1326 intelligere
1547 1303 1559 1323 ‚
1587 1282 1688 1329 quae

301 1339 492 1398 ejusdem
517 1338 680 1398 generis
698 1338 814 1382 bona
833 1336 1021 1394 cogitare
1043 1352 1268 1397 possemus
1291 1373 1301 1391 ,
1330 1336 1404 1382 sed
1425 1336 1482 1382 ait
1510 1353 1520 1380 ε
1548 1356 1569 1376 «
1589 1334 1686 1381 Ad-

302 1428 322 1449 »
340 1425 487 1454 versus
526 1406 807 1466 hujusmodi3
828 1426 848 1445 >³
885 1415 927 1449 et
970 1405 1069 1449 haec
1111 1405 1276 1450 scilicet
1315 1416 1357 1450 et
1395 1421 1686 1469 quaecumque

300 1478 468 1524 similia.
506 1478 817 1522 Verumtamen
837 1474 956 1537 quod
986 1474 1031 1519 in
1064 1475 1123 1520 eis
1141 1475 1266 1520 bonis
1295 1492 1395 1539 quae
1418 1492 1686 1521 commemo-

301 1548 413 1592 ravit
428 1584 439 1603 ,
466 1547 618 1592 ultimo
636 1546 733 1591 loco
752 1544 901 1608 posuit
920 1544 1233 1589 continentiam
1247 1581 1257 1600 ,
1285 1544 1338 1590 de
1359 1562 1444 1608 qua
1466 1562 1584 1590 nunc
1601 1544 1684 1590 dis-

302 1628 455 1681 putare
474 1616 766 1679 suscepimus,
792 1625 834 1660 et
856 1624 1037 1677 propter
1057 1631 1186 1677 quam
1208 1614 1345 1660 multa
1364 1619 1458 1676 jam
1479 1615 1682 1672 diximUS,

300 1688 527 1751 praecipue
559 1687 696 1734 voluit
741 1703 835 1731 eam
873 1686 1028 1731 nostris
1063 1686 1284 1732 mentibus
1313 1686 1540 1732 inhaerere.
1585 1687 1687 1749 Ipsa

302 1758 469 1821 quippe
502 1758 547 1803 in
573 1757 661 1802 hoc
694 1755 810 1802 bello
837 1755 952 1802 valet
981 1754 1222 1818 plurimum
1240 1793 1251 1812 ,
1285 1756 1331 1803 in
1357 1773 1444 1820 quo
1481 1756 1685 1803 adversus

306 1845 482 1873 carnem
513 1828 690 1891 spiritus
712 1825 1011 1889 concupiscit3
1044 1827 1253 1888 quoniam
1276 1827 1391 1889 ipsas
1419 1827 1558 1873 carnis
1577 1843 1688 1872 con-

302 1898 590 1960 cupiscentias
627 1896 820 1960 quodam
856 1895 985 1940 modo
1026 1896 1260 1955 crucifigit.
1301 1895 1427 1941 Unde
1460 1913 1562 1941 cum
1585 1896 1686 1941 haec

301 1966 473 2012 dixisset
486 1966 750 2030 Apostolus,
779 1966 987 2011 continuo
1009 1966 1194 2025 subjecit
1218 1984 1227 2010 :
1269 1987 1288 2006 «
1309 1966 1397 2022 Qui
1419 1977 1563 2012 autem
1581 1967 1686 2012 Jesu

301 2057 324 2079 ))
344 2036 512 2082 Christi
534 2046 635 2081 sunt
650 2072 660 2091 ,
689 2052 863 2080 carnem
881 2052 1003 2080 suam
1028 2036 1338 2083 crucifixerunt
1359 2053 1460 2081 cum
1478 2035 1687 2100 passioni-

300 2127 322 2148 »
342 2107 425 2151 bus
445 2116 486 2150 ct
508 2104 915 2167 concupiscentiis1.
942 2125 961 2145 >2
987 2109 1095 2150 Haec
1114 2116 1177 2150 est
1214 2105 1328 2150 actio
1361 2106 1642 2151 continentiae
1669 2122 1681 2150 :

299 2177 359 2223 sic
379 2193 510 2239 opera
528 2176 669 2220 carnis
686 2175 1021 2222 mortificantur.
1050 2177 1089 2219 M
1099 2176 1319 2221 ortificant
1338 2193 1439 2222 vero
1457 2193 1528 2222 eos
1544 2213 1556 2232 ,
1578 2192 1685 2240 quos

299 2246 546 2292 deficientes
571 2263 594 2290 a
623 2244 890 2290 continentia
915 2244 969 2290 ad
1001 2245 1327 2290 consensionem
1357 2245 1684 2309 perpetrando-

299 2333 397 2362 rum
419 2315 572 2361 talium
595 2332 778 2379 operum
795 2314 931 2360 trahit
952 2316 1322 2379 concupiscentia.

365 2387 420 2434 X.
462 2387 522 2432 [ft
551 2397 694 2432 autem
727 2404 751 2432 a
777 2386 1044 2432 continentia
1068 2404 1156 2432 non
1172 2387 1452 2442 deficiamus,
1477 2386 1681 2433 adversus

298 2457 392 2502 illas
408 2456 633 2519 praecipue
663 2455 983 2502 diabolicarum
1015 2456 1335 2517 suggestionum
1364 2454 1543 2502 insidias
1566 2456 1682 2516 vigi-

300 2526 388 2572 lare
404 2526 636 2583 debemus,
663 2543 716 2572 ne
739 2525 793 2572 de
809 2527 965 2573 nostris
991 2527 1154 2572 viribus
1174 2541 1507 2590 praesumamus,
1533 2546 1555 2568 ι(
1577 2527 1677 2573 Ma-

348 2608 358 2630 !
379 2608 485 2641 Galat.
502 2619 530 2648 v,
551 2615 672 2650 19-24.
