1758 3246
391 343 444 372 nn
482 341 607 371 Bono
642 339 919 380 νιῡυιΤΑΤιε,
959 340 1045 370 Lm.
1089 340 1119 370 1.
1344 325 1437 388 339

68 429 89 450 »
112 409 279 454 beatior
296 417 439 453 autem
459 407 558 461 erit,
579 405 611 450 si
630 406 690 450 sic
713 404 998 468 permanserit
1028 403 1266 449 secundum
1296 421 1441 450 meum

68 498 89 518 >³
113 478 341 523 consilium
360 476 411 520 1:
435 497 455 516 ))
476 475 576 520 satis
609 474 796 519 ostendit
834 475 1007 519 beatam
1049 489 1134 517 esse
1173 473 1217 516 in
1255 475 1443 521 Domino

66 546 195 592 ctiam
217 556 316 608 post
333 555 517 590 mortem
538 545 618 589 viri
643 545 800 589 iterum
826 544 1061 588 nubentem
1083 540 1252 586 fidelem
1267 580 1278 597 ,
1300 543 1372 588 sed
1399 545 1444 589 in

66 615 212 660 eodem
240 616 428 661 Domino
445 614 624 661 viduam
648 615 882 659 beatiorem
905 631 915 656 r
941 613 1025 657 hoc
1044 621 1130 666 est,
1164 621 1212 656 ut
1239 612 1443 675 Scriptu-

65 701 212 730 rarum
242 702 329 731 non
350 695 518 729 tantum
543 684 704 738 verbis,
726 684 1009 729 verumetiam
1036 681 1239 744 exemplis
1272 681 1444 744 loquar,

66 754 237 799 beatam
261 771 346 800 esse
367 755 492 800 Ruth
510 792 521 811 ‚
549 754 622 799 sed
640 754 809 799 Annam
830 752 1081 798 beatiorem.

128 824 202 870 Vl.
231 825 513 887 Quapropter
529 825 615 869 hoc
633 824 829 887 primum
847 833 1020 886 oportet
1043 833 1090 867 ut
1108 823 1297 879 noveris,
1325 823 1448 868 bono

64 892 183 955 quod
197 893 361 952 elegisti
374 910 463 938 non
487 893 689 938 damnari
706 892 916 937 secundas
939 892 1114 955 nuptias
1130 928 1140 946 ,
1161 891 1235 936 sed.
1271 891 1451 938 inferius

64 961 286 1008 honorari.
331 962 439 1007 Nam
469 963 584 1007 sicut
621 963 789 1007 bonum
814 972 976 1007 sanctae
1014 961 1299 1019 virginitatis,
1327 961 1449 1024 quod

64 1030 193 1090 elegit
209 1031 299 1076 filia
323 1032 341 1060 2
363 1042 438 1076 tua
460 1034 500 1094 (1
519 1036 560 1091 l)
579 1068 590 1087 ‚
613 1048 701 1076 non
719 1031 901 1076 damnat
922 1048 1026 1076 unas
1050 1031 1226 1093 nuptias
1254 1041 1349 1076 tuas
1364 1051 1375 1084 3
1392 1032 1454 1076 sic

62 1117 139 1145 nec
159 1099 344 1147 viduitas
363 1112 437 1146 tua
455 1106 524 1161 cuj
533 1118 714 1164 usquam
736 1101 960 1147 secundas.
987 1101 1102 1145 Hinc
1121 1101 1236 1144 enim
1262 1102 1448 1146 maxime

68 1169 448 1232 Cataphrygarum
491 1187 541 1215 ac
568 1171 912 1214 Novatianorum
942 1170 1127 1213 haereses
1167 1179 1450 1226 tumuerunt,

65 1255 171 1299 quas
188 1239 341 1284 buccis
355 1239 611 1283 sonantibus
628 1275 639 1293 ,
670 1255 757 1283 non
782 1238 1053 1300 sapientibus
1069 1274 1079 1293 ‚
1097 1238 1227 1282 etiam
1266 1239 1448 1285 Tertul—

64 1307 202 1353 lianus
227 1308 421 1363 inflavit,
451 1308 558 1352 dum
587 1307 797 1353 secundas
830 1308 1006 1370 nuptias
1038 1318 1249 1370 tanquam
1272 1308 1452 1354 illicitas

64 1377 279 1424 maledico
299 1377 428 1423 dente
452 1379 645 1423 concidit
667 1416 678 1434 ‚
705 1395 813 1442 quas
835 1379 1011 1424 omnino
1046 1378 1188 1423 licitas
1220 1380 1454 1442 Apostolus

66 1447 209 1493 sobria
248 1458 390 1493 mente
414 1448 630 1493 concedit.
675 1449 743 1493 Ab
776 1448 860 1493 hac
886 1448 1066 1497 sanitate
1090 1447 1326 1510 doctrinae,
1351 1452 1451 1497 nul-

65 1515 149 1561 lius
164 1516 352 1572 indocti,
375 1516 537 1562 nullius
551 1517 671 1563 docti
695 1517 989 1579 disputatione
1015 1518 1249 1562 movearis:
1277 1536 1356 1564 nec
1389 1521 1450 1566 ita

66 1586 241 1631 extollas
263 1587 435 1631 bonum
459 1597 586 1631 tuum
605 1623 616 1641 ‚
645 1597 694 1631 ut
721 1586 842 1648 quod
864 1586 1028 1631 malum
1045 1603 1134 1631 non
1156 1596 1218 1631 est
1239 1597 1451 1651 tanquam

67 1655 232 1701 malum
246 1657 486 1701 crimineris
507 1656 696 1701 alienum
713 1674 723 1700 ε
745 1656 818 1701 sed
844 1667 962 1701 tanto
975 1655 1111 1715 magis
1130 1656 1269 1715 gaude
1288 1658 1341 1703 de
1365 1669 1445 1705 tuo

67 1725 183 1770 bono
197 1762 208 1781 ,
233 1736 397 1788 quanto
416 1726 551 1784 magis
570 1725 689 1771 vides
710 1743 798 1770 non
810 1736 981 1771 tantum
1000 1726 1075 1770 illo
1102 1725 1285 1772 devitari
1314 1728 1447 1786 mala,

67 1794 138 1840 sed
163 1794 366 1857 quaedam
382 1795 501 1840 bona
523 1795 657 1840 etiam
684 1796 895 1858 superari.
928 1796 1041 1841 Mala
1063 1806 1164 1841 sunt
1181 1797 1298 1841 enim
1317 1799 1450 1845 adul—

69 1865 225 1910 terium
237 1865 305 1911 vel
316 1864 560 1911 fornicatio.
588 1866 655 1910 Ab
668 1865 735 1910 his
754 1876 894 1910 autem
907 1865 1070 1911 illicitis
1085 1866 1211 1912 valde
1221 1866 1349 1927 longe
1366 1880 1449 1927 est,

69 1953 168 2000 quae
181 1937 272 1982 voti
289 1937 486 1982 libertate
510 1953 551 1981 se
573 1936 819 1993 obstrinxit,
834 1948 877 1981 et
895 1937 979 1982 sibi
996 1936 1125 1981 etiam
1137 1937 1256 1982 licita
1280 1955 1334 1983 ne
1349 1939 1452 1985 lice-

69 2008 180 2064 rint‚
213 2025 300 2052 non
339 2008 523 2070 imperio
547 2007 650 2066 legis
668 2044 678 2063 ,
709 2007 782 2052 sed
815 2007 1005 2053 concilio
1030 2007 1258 2053 charitatis
1289 2011 1444 2058 effecit.

71 2079 126 2123 Et
143 2079 311 2123 bonum
329 2088 392 2123 est
414 2078 629 2140 pudicitia
651 2078 907 2137 conjugalis,
928 2078 1001 2123 sed
1024 2077 1178 2123 melius
1196 2079 1363 2126 bonum
1383 2093 1445 2128 est

69 2149 334 2195 continentia
355 2148 555 2195 vidualis.
587 2149 682 2194 Hoc
713 2166 814 2209 ergo
844 2149 994 2195 melius
1026 2149 1141 2195 illius
1180 2151 1287 2196 boni
1333 2154 1444 2199 sub-

70 2219 270 2265 missione
308 2218 551 2264 honoratur
583 2237 594 2263 :
644 2236 732 2264 non
768 2219 879 2265 illud
903 2221 1074 2266 bonum
1097 2220 1284 2268 melioris
1307 2223 1442 2283 hujus

70 2289 198 2336 laude
221 2289 470 2337 damnatur.

135 2359 234 2407 VII.
261 2360 392 2416 Quod
405 2371 549 2406 autem
564 2361 816 2424 Apostolus,
833 2379 934 2408 cum
954 2363 1159 2408 caelibum
1172 2374 1213 2408 et
1232 2363 1440 2427 innupta-

72 2446 170 2474 rum
186 2430 510 2477 commendaret
530 2430 723 2476 fructum
742 2469 752 2485 ,
777 2432 878 2494 quia
896 2433 1086 2491 cogitant
1103 2450 1202 2494 quae
1223 2445 1321 2478 sunt
1348 2436 1442 2480 Do-

74 2499 197 2554 mini,
211 2499 432 2560 quomodo
445 2501 646 2563 placeant
663 2502 770 2558 Deo,
792 2503 977 2561 subjecit
991 2514 1031 2547 et
1045 2502 1126 2548 ait:
1143 2524 1163 2544 α
1183 2503 1279 2548 Hoc
1297 2515 1440 2551 autem

78 2588 97 2610 ›>
115 2568 170 2613 ad
185 2569 413 2617 utilitatem
431 2581 615 2616 vestram
635 2571 735 2618 dico
751 2610 762 2630 ‚
788 2591 876 2618 non
890 2584 940 2618 ut
964 2573 1165 2635 laqueum
1191 2574 1319 2620 vobis
1338 2576 1443 2635 inji-

125 2649 133 2670 1

162 2662 171 2680 1
193 2652 255 2681 Cor
287 2662 343 2689 vir,
364 2654 416 2693 39.
431 2670 474 2675 —-
494 2651 509 2674 2
523 2654 711 2688 Demetrias.

1235 2727 1308 2758 2‘2.
