1758 3246
431 309 483 339 DE
522 309 855 349 CONTINENTIA,
895 312 982 342 Lm,
1024 313 1054 341 Ι.
1359 313 1449 361 217

74 375 337 430 ostenditur,
368 374 398 418 si
433 372 655 418 desideriis
678 376 767 432 ejus
791 374 1008 420 obeditur.
1051 376 1127 421 Est
1145 394 1244 435 ergo
1261 377 1306 422 in
1327 377 1453 423 nobis

73 446 241 508 peccati
256 443 626 506 concupiscentia,
647 460 746 506 quae
760 461 847 490 non
860 456 922 490 est
938 446 1229 508 permittenda
1246 464 1419 506 regnare
1437 465 1448 492 ε

74 526 173 560 sunt
197 518 287 573 ejus
310 513 519 558 desideria
537 550 547 567 ‚
577 513 738 575 quibus
757 531 842 558 non
866 525 927 560 est
950 514 1261 570 obediendum,
1284 533 1336 560 ne
1355 517 1455 562 obe-

73 585 294 630 clientibus
313 594 473 642 regnet.
509 586 695 645 Propter
720 584 839 646 quod
864 586 1061 630 membra
1078 595 1224 630 nostra
1252 602 1339 629 non
1371 587 1453 631 sibi

73 664 251 716 usurpet
291 653 672 730 concupiscentia
706 653 779 698 s<d
812 654 893 699 sibi
930 654 1122 700 vindicet
1157 654 1451 710 continentia

72 734 119 768 ut
142 724 226 767 sint
245 740 363 767 arma
383 722 564 781 justitiae
589 724 706 771 Deo
731 740 783 767 ne
809 724 894 768 sint
928 724 1170 787 iniquitatis
1203 741 1320 770 arma
1345 741 1455 787 pec-

71 803 166 838 cato
195 809 205 836 τ
242 793 302 837 sic
328 793 442 837 enim
476 793 603 837 nobis
635 804 865 855 peccatum
890 812 978 839 non
1013 794 1328 840 dominabitur.
1357 795 1456 839 Non

72 862 187 906 enini
214 878 360 906 sumus
380 862 462 906 sub
483 861 573 919 lege
593 897 602 915 ‚
634 862 802 906 bonum
826 863 1003 926 quidem
1022 864 1205 922 jubente
1224 901 1234 917 ,
1273 880 1361 908 non
1386 874 1456 908 ta-

75 949 175 976 men
200 931 330 976 dante
351 949 361 975 :
391 931 463 976 sed
484 948 632 976 sumus
651 933 732 977 sub
752 934 905 991 gratia,
928 950 1028 995 quae
1049 933 1095 978 id
1115 933 1234 996 quod
1250 933 1315 978 lex
1328 933 1458 992 jubet

68 1001 227 1046 faciens
251 1018 327 1045 nos
351 1018 493 1045 amare
509 1038 519 1055 ‚
546 1012 688 1063 potest
707 1003 856 1047 liberis
878 1003 1106 1066 imperare.

138 1071 215 1116 IX.
253 1072 449 1132 Itemque
468 1087 568 1114 culn
587 1071 811 1127 hortatur,
834 1083 881 1116 ut
902 1089 989 1117 non
1014 1073 1256 1118 secundum
1280 1089 1456 1118 carnem

70 1140 264 1185 vivamus
281 1176 291 1194 ,
320 1158 371 1184 ne
394 1140 632 1184 moriamur
648 1177 658 1195 ‚
682 1143 755 1185 sed
780 1142 937 1203 spiritu
964 1141 1078 1186 facta
1107 1143 1249 1187 carnis
1268 1143 1454 1187 mortifi-

71 1227 217 1255 cemus
236 1247 246 1265 ,
276 1220 323 1254 ut
349 1209 571 1262 vivamus3
600 1210 706 1254 tuba
740 1211 886 1273 utique
915 1227 1016 1273 quae
1049 1212 1191 1267 canit,
1219 1212 1385 1256 bellum
1410 1212 1455 1256 in

71 1296 157 1341 quo
184 1296 404 1324 versamur
426 1278 642 1334 ostendit,
666 1290 708 1324 et
729 1290 776 1324 ut
795 1281 951 1324 acriter
969 1280 1227 1326 dimicemus
1247 1291 1288 1325 et
1309 1281 1454 1326 hostes

70 1359 235 1394 nostros
261 1350 570 1393 mortificemus
586 1386 596 1404 ,
617 1367 669 1393 ne
693 1350 749 1394 ab
776 1350 834 1394 eis
857 1350 1174 1395 mortificemur
1189 1388 1200 1406 ‚
1235 1351 1449 1397 accendit.

72 1420 159 1475 Qui
191 1419 275 1464 sint
294 1435 396 1464 vero
421 1419 490 1462 isti
511 1418 656 1463 hostes
672 1455 682 1469 ,
717 1420 816 1463 satis
842 1419 1065 1464 evidenter
1084 1420 1301 1482 expressit.
1336 1421 1457 1475 Quos

70 1490 184 1534 enim
207 1507 228 1533 a
254 1489 381 1533 nobis
401 1488 537 1533 voluit
556 1488 811 1532 mortificari
828 1525 838 1543 ‚
863 1489 946 1550 ipsi
970 1500 1070 1533 sunt
1087 1526 1097 1544 ‚
1124 1490 1290 1534 scilicet
1322 1507 1456 1553 opera

71 1559 226 1604 carnis.
260 1559 331 1603 Sic
350 1558 464 1602 enim
485 1557 543 1602 ait
566 1575 575 1601 ε
602 1579 621 1598 «
647 1557 691 1601 Si
711 1568 853 1602 autem
874 1558 1030 1620 spiritu
1048 1558 1162 1604 facta
1184 1559 1323 1604 carnis
1343 1577 1458 1605 mor-

73 1651 92 1669 »
114 1627 406 1682 tificaveritis‚
450 1627 615 1672 vivetis.
648 1648 668 1667 »
709 1628 763 1671 lit
795 1627 873 1671 ista
912 1644 1014 1690 quae
1046 1628 1132 1673 sint
1157 1639 1205 1673 ut
1244 1629 1453 1684 sciamus,

71 1698 270 1743 eumdem
299 1697 449 1742 itidem
484 1697 711 1742 audiamus
748 1697 802 1741 ad
829 1696 1002 1741 Galatas
1027 1698 1287 1743 scribentem
1318 1710 1360 1744 et
1382 1698 1455 1744 di-

72 1778 236 1813 centem
264 1785 274 1811 :
305 1788 325 1807 «
348 1766 573 1811 Manifesta
597 1777 698 1810 sunt
715 1777 856 1811 autem
882 1783 1014 1828 opera
1037 1768 1178 1812 carnis
1196 1805 1207 1823 ‚
1237 1785 1338 1830 quae
1357 1779 1457 1814 sunt

73 1837 416 1883 »fornicationes
436 1873 446 1891 ‚
485 1836 779 1881 immunditiae
796 1873 806 1892 ‚
834 1836 1016 1881 luxuriae
1034 1874 1044 1892 ‚
1072 1837 1292 1883 idolorum
1318 1839 1456 1884 servi-

70 1929 90 1948 »
112 1918 203 1962 tus,
227 1906 436 1952 veneficia
451 1943 462 1961 ‚
486 1905 728 1951 inimicitiae
745 1943 755 1957 ,
781 1907 1078 1951 contentiones
1095 1944 1105 1957 ,
1136 1907 1452 1965 aemulationes,

71 1998 90 2018 »
110 1977 398 2022 animositates
414 2014 424 2032 ,
449 1976 728 2022 dissensiones
746 2013 755 2031 ,
779 1976 963 2021 haereses
978 2013 988 2032 ‚
1025 1977 1205 2023 invidiae
1225 2014 1235 2033 ,
1266 1978 1457 2025 ebrieta-

72 2070 90 2089 »
110 2058 172 2092 tes
190 2084 200 2103 ‚
223 2047 550 2092 comessationes
568 2083 577 2101 ,
606 2057 647 2090 et
668 2046 737 2091 his
759 2046 915 2091 similia
933 2083 943 2101 ‚
969 2064 1069 2109 quae
1088 2047 1286 2109 praedico
1310 2049 1453 2105 vobis,

71 2140 91 2159 »
113 2119 227 2163 sicut
260 2116 473 2179 praedixi,
509 2117 715 2178 quoniam
755 2116 832 2178 qui
865 2116 968 2161 talia
1007 2128 1142 2176 agunt
1173 2135 1355 2177 regnum
1383 2119 1461 2164 Dei

73 2205 201 2232 »non
233 2185 534 2249 possidebunt.
560 2207 580 2227 »
619 2187 769 2248 Ipsum
801 2186 917 2230 enim
945 2187 1072 2231 etiam
1091 2187 1154 2232 ibi
1188 2187 1381 2245 bellum,
1411 2198 1458 2233 ut

74 2258 171 2303 liaec
195 2256 378 2311 diceret„
404 2255 684 2311 ostendebat,
712 2266 754 2299 et
778 2255 832 2300 ad
858 2255 938 2300 hos
956 2256 1100 2301 hostes
1126 2258 1455 2303 mortificandos

77 2327 225 2372 eadem
249 2325 413 2370 coelesti
440 2335 481 2369 et
503 2325 688 2387 spiritali
714 2325 821 2370 tuba
847 2325 1013 2371 Christi
1037 2326 1196 2372 milites
1222 2328 1449 2374 excitabat.

80 2398 222 2459 Supra
240 2395 353 2439 enim
379 2394 541 2440 dixerat
563 2413 572 2439 ε
601 2416 621 2435 «
643 2395 753 2440 Dico
771 2405 938 2452 autem,
970 2397 1125 2459 spiritu
1148 2397 1390 2453 ambulate,
1413 2408 1454 2443 et

78 2487 99 2509 ³>
115 2465 321 2511 desideria
347 2465 488 2510 carnis
516 2482 569 2510 ne
592 2465 871 2528 perfeceritis.
902 2466 1015 2511 Caro
1039 2467 1153 2511 enim
1185 2467 1459 2529 concupiscit

77 2535 320 2581 »adversus
354 2535 578 2598 spiritum,
624 2536 801 2599 spiritus
846 2547 990 2581 autem
1023 2536 1226 2582 adversus
1264 2553 1452 2584 carnem.

79 2627 98 2647 »
118 2607 226 2651 Haec
251 2604 362 2649 enim
383 2604 567 2650 invicem
590 2605 872 2652 adversantur
892 2642 904 2662 ,
943 2616 991 2650 ut
1014 2623 1103 2650 non
1133 2623 1180 2651 ea
1204 2623 1305 2668 quae
1327 2607 1458 2653 vultis
