1758 3246
46 347 346 380 ENCHIRIDION
382 347 436 377 DE
473 340 593 386 FIDE,
631 343 707 375 SPE
742 344 796 374 ET
832 342 1099 386 CHARITATE,
1138 345 1226 375 Lm.
1269 346 1301 376 Ι.
1353 346 1415 394 99

46 415 255 461 timentil.
286 416 382 459 Non
411 422 553 457 autem
589 410 643 455 ab
681 408 765 455 alio
787 409 953 466 Poeta,
988 411 1186 472 quamvis
1219 412 1416 470 meliore,

45 487 221 550 proprie
244 484 412 530 dictum
440 492 501 528 est
521 498 532 526 :

306 626 399 654 Hunc
419 633 476 664 ego
491 622 516 653 si
535 621 626 665 potui
646 627 767 654 tautum
786 631 914 664 sperare
931 619 1074 654 dotorem
1088 623 1113 654 ¹.

48 735 243 798 Denique
268 733 499 779 nonnulli
491 751 534 779 111
555 744 644 778 arte
666 732 948 793 grammatica
981 732 1105 778 verbi
1126 732 1260 792 hujus
1283 745 1422 780 utun—

46 817 118 851 tur
138 805 331 868 exemplo
351 804 406 850 ad
430 803 774 849 ostendendam
764 802 1052 879 impropriam
1089 802 1353 861 dictionem,
1384 815 1426 850 et

47 876 200 921 aiunt:
230 875 352 937 Sper
343 891 410 919 ire
425 874 549 930 dixit,
572 891 671 937 pro,
694 873 859 919 timere.
887 874 965 918 Est
986 872 1133 935 itaque
1156 873 1262 919 fides
1279 885 1320 920 et
1336 892 1425 920 ma-

44 945 187 990 larum
208 961 380 1000 rerum,
407 955 449 989 61
472 911 723 990 bonarum:
759 943 861 1006 quia
894 953 936 987 et
955 943 1073 988 bona
1101 943 1364 1001 creduntur,
1387 956 1429 990 et

45 1014 182 1068 mala3
204 1025 246 1059 et
262 1015 348 1060 hoc
370 982 459 1059 'fide
481 1015 616 1070 bona,
635 1031 723 1059 non
737 1013 863 1060 mala.
890 1013 968 1058 Est
985 1013 1115 1058 etiam
1135 1014 1243 1060 fides
1260 1026 1302 1060 et
1317 1032 1431 1078 prae-

45 1084 268 1130 teritarum
290 1101 464 1140 rerum,
493 1095 534 1129 et
556 1082 870 1147 praesentium,
905 1093 947 1127 et
969 1083 1232 1131 futurarum.
1268 1085 1428 1132 Credi-—

44 1171 141 1199 mus
176 1154 291 1199 enim
335 1153 563 1198 Chlistum
602 1163 855 1206 mortuun1;
900 1152 1020 1216 quod
1050 1158 1145 1213 jam
1179 1157 1426 1218 praeteriit:

46 1223 262 1270 credimus
277 1223 419 1268 sedere
439 1223 494 1268 ad
512 1222 730 1268 dexteram
750 1222 922 1276 Patris;
949 1222 1068 1285 quod
1087 1241 1205 1269 nunc
1223 1239 1318 1271 631.
1341 1244 1431 1272 616-

47 1293 190 1338 (11111113
207 1303 439 1339 venturum
462 1292 517 1337 ad
530 1291 851 1352 judicandun13
873 1291 993 1354 quod
1008 1292 1210 1338 futurum
1227 1306 1301 1341 est.
1327 1296 1437 1342 Item

46 1362 152 1409 fides
173 1373 216 1408 et
236 1379 411 1407 suarum
435 1379 581 1407 rerum
605 1373 667 1407 est
685 1399 696 1418 ‚
718 1372 760 1407 et
781 1361 1032 1408 alienarum.
1065 1364 1177 1408 Nam
1196 1375 1238 1409 et
1259 1382 1301 1410 se
1321 1367 1435 1429 quis-

46 1450 129 1498 que
148 1432 288 1478 credit
313 1431 547 1496 aliquando
568 1450 655 1478 esse
675 1433 859 1495 coepisse
875 1469 886 1488 ,
911 1449 989 1477 1166
1004 1431 1134 1478 fuisse
1156 1434 1304 1497 utique
1323 1453 1433 1482 36111-

46 1504 266 1566 piternum
284 1523 294 1556 ;
314 1513 357 1547 et
375 1502 480 1548 alios
499 1539 510 1558 ‚
537 1513 667 1566 atque
688 1501 770 1547 alia
796 1520 807 1546 ε
835 1518 916 1547 1166
940 1501 1079 1547 30111111
1099 1502 1153 1547 de
1172 1503 1264 1549 aliis
1282 1505 1432 1552 homi«

47 1574 176 1620 nibus
195 1572 356 1629 multa,
383 1589 482 1635 quae
504 1572 558 1617 ad
578 1573 828 1632 religionem
852 1572 1072 1634 pertinent
1087 1609 1098 1627 ‚
1122 1590 1274 1619 verum
1298 1577 1428 1622 etiam

48 1643 101 1689 de
114 1643 284 1703 Angelis
303 1642 534 1689 credimus.
557 1643 664 1706 Spes
683 1653 828 1688 autem
848 1660 935 1688 non
956 1643 1035 1688 nisi
1054 1643 1268 1689 bonarum
1286 1663 1431 1694 rerum

47 1725 135 1770 est,
163 1731 241 1759 nec
273 1713 355 1758 nisi
386 1712 662 1768 futurarum,
705 1723 746 1757 et
785 1713 838 1758 ad
870 1730 970 1758 611111
1006 1714 1319 1776 pertinentium
1357 1719 1434 1781 qui

47 1801 195 1829 earum
217 1800 338 1846 spem
363 1799 506 1842 gerere
524 1783 799 1846 perhibetur.
826 1782 939 1838 Quae
960 1799 1061 1828 cum
1081 1784 1141 1829 ita
1164 1785 1266 1842 sint,
1287 1804 1431 1852 prop-

47 1866 112 1900 ter
133 1854 212 1899 has
235 1870 384 1898 causas
402 1852 708 1912 distinguenda
732 1853 813 1897 erit
832 1852 938 1898 fides
962 1853 1018 1898 ab
1043 1871 1117 1916 spe
1136 1891 1147 1910 ‚
1172 1855 1285 1902 sicut
1305 1874 1431 1905 voca-

47 1923 177 1981 bulo,
197 1923 256 1968 ita
281 1933 322 1967 et
345 1922 595 1968 rationabili
619 1922 872 1968 differentia.
906 1923 1018 1967 Nam
1040 1923 1161 1987 quod
1191 1926 1345 1972 attinet
1373 1930 1429 1975 ad

48 2011 136 2039 non
166 1993 311 2040 videre
330 2030 341 2049 ,
381 1993 467 2038 sive
491 2009 591 2056 quae
623 1992 880 2048 creduntur,
908 1993 995 2038 sive
1028 2011 1129 2057 quae
1166 2008 1397 2058 sperantur
1415 2037 1426 2054 ‚

0 2074 1 2108 ὲ
47 2064 151 2109 fidei
164 2064 338 2126 speique
352 2080 583 2109 commune
595 2064 733 2109 est.In
743 2062 937 2126 Epistola
951 2064 1119 2127 quippe
1133 2064 1188 2110 ad
1197 2066 1426 2128 Hebraeos,

0 2170 2 2196 7
48 2151 135 2198 qua
148 2144 251 2179 teste
266 2134 441 2179 usisunt
461 2133 646 2179 illustres
659 2133 891 2179 catholicae
906 2133 1086 2193 Regulae
1105 2134 1364 2196 defensores,
1380 2141 1429 2185 fi-

49 2206 122 2252 des
144 2222 229 2250 esse
243 2205 360 2251 dicta
379 2216 441 2250 est
462 2223 472 2250 ι
493 2227 513 2246 α
531 2205 760 2250 Convictio
771 2222 915 2250 rerum
929 2221 1029 2267 quae
1049 2223 1138 2251 non
1150 2207 1427 2259 videntur3.»

51 2275 260 2333 Quamvis
290 2275 466 2338 quando
487 2293 529 2321 se
562 2275 745 2339 quisque
775 2292 864 2320 non
890 2275 1062 2332 verbis,
1100 2294 1188 2322 non
1221 2281 1424 2339 testibus,

49 2363 137 2392 non
155 2345 340 2408 denique
360 2345 457 2391 ullis
475 2345 738 2405 argumentis
751 2383 762 2402 ‚
784 2345 858 2391 sed
877 2346 1160 2409 praesentium
1177 2365 1321 2395 rerum
1343 2354 1430 2400 evi-

51 2415 208 2462 dentiae
229 2415 458 2461 credidisse
478 2453 488 2473 ‚
527 2416 614 2461 hoc
637 2426 699 2460 est
719 2453 729 2472 ‚
769 2415 899 2461 fidem
924 2416 1272 2465 accommodasse
1292 2420 1425 2481 dicit,

51 2505 138 2533 non
173 2486 232 2532 ita
266 2486 438 2532 videtur
479 2486 694 2532 absurdus
707 2523 718 2542 ‚
760 2497 809 2532 ut
847 2496 962 2531 recte
1005 2487 1352 2549 reprehendatur
1383 2494 1430 2541 in

52 2557 186 2607 verbo
204 2593 215 2613 ,
235 2556 359 2619 eique
379 2556 550 2603 dicatur
570 2574 581 2601 ε
604 2555 762 2602 Vidisti
778 2593 789 2613 ,
811 2572 910 2616 ergo
927 2572 1015 2601 non
1036 2555 1258 2604 credidisti
1281 2577 1291 2605 ε
1316 2563 1431 2612 unde

102 2658 112 2682 ¹
130 2661 273 2690 Lucanus
289 2668 329 2691 11.
345 2657 486 2694 pharsal.
503 2675 548 2682 —-
567 2656 583 2681 2
598 2657 690 2700 Virg-
705 2657 833 2690 AEneid.
846 2668 892 2696 xv,
908 2662 986 2698 419.
1005 2672 1049 2679 —
1066 2653 1081 2679 3
1097 2656 1195 2690 Hebr.
1216 2668 1260 2696 x1,
1285 2671 1314 2693 ι,

1268 2731 1291 2779 7
