1758 3246
314 263 405 320 462
733 277 768 309 s.
811 276 1053 309 mensum
1087 277 1289 310 muscom

321 364 340 383 n
363 340 542 400 gloriam
556 376 569 396 ,
589 350 632 385 et
649 357 736 387 non
754 341 799 387 in
820 342 1008 388 altero11)
1024 362 1046 383 »
1064 342 1152 398 Qui
1171 343 1285 388 enim
1308 343 1466 407 excipit
1480 344 1679 400 verbum,
1740 349 1745 393 Ξ

314 411 361 456 id
388 421 449 456 est
463 447 475 468 ,
497 410 719 457 veritatem
737 449 747 468 ‚
784 430 872 458 non
902 413 983 458 sihi
1001 450 1011 460 ,
1039 412 1111 458 sed
1134 424 1182 458 ut
1204 413 1456 459 hominibus
1478 413 1645 476 placeat
1667 452 1678 467 ,
1743 454 1746 470 ,

311 498 401 526 non
424 498 517 526 eam
542 481 732 526 custodit
750 519 760 538 ,
785 499 886 527 cum
901 482 958 527 eis
981 482 1097 527 videt
1116 482 1277 545 placeri
1295 500 1416 545 posse
1435 483 1675 529 mendacio.

311 551 400 607 Qui
422 561 564 597 autem
589 552 747 614 excipit
774 554 854 598 sibi
873 591 883 609 ‚
914 552 1026 598 nihil
1041 552 1194 598 falsum
1213 552 1265 597 de
1284 570 1355 599 ore
1377 554 1511 616 ipsius
1523 570 1683 616 proce-
1744 541 1747 567 ’ὲ

309 621 400 676 dit;
426 623 527 684 quia
542 622 671 666 etiam
696 639 796 667 cum
822 623 964 686 placet
992 622 1246 667 hominibus
1271 623 1546 668 mendacium
1563 659 1574 678 ‚
1595 639 1682 668 non
1745 633 1748 670 ἑ

308 691 515 736 mentitur
539 690 609 735 ille
626 691 701 753 qui
720 692 944 737 veritatem
959 729 969 747 ‚
996 709 1081 736 non
1102 691 1155 736 de
1183 708 1268 754 qua
1288 692 1396 747 illis,
1428 692 1500 738 sed
1523 692 1577 737 de
1596 708 1683 755 qua
1746 723 1749 737 a

309 761 400 805 Deo
417 760 607 823 placeret
622 796 632 815 ,
667 762 833 823 excepit
862 762 960 808 sibi.
993 763 1147 823 ltaque
1167 778 1254 805 non
1275 772 1337 806 est
1363 778 1441 807 cur
1459 762 1535 807 hic
1557 761 1682 807 dica-
1747 772 1750 799 f

307 840 379 874 tur
405 847 416 874 2
442 830 605 875 Omnes
625 829 802 892 quidem
828 830 980 892 perdet
1003 831 1078 893 qui
1105 829 1346 892 loquuntur
1369 830 1644 876 mendacium
1666 867 1678 886 ,

305 898 379 944 sed
402 915 489 945 non
520 915 647 943 omne
671 899 946 945 mendacium
974 918 984 944 :
1009 900 1184 963 quando
1212 899 1509 945 universaliter
1534 901 1683 946 omnia
1750 928 1751 962 j

308 968 533 1014 mendacia
553 968 810 1014 circumcisa
836 981 937 1014 sunt
960 971 1003 1015 in
1030 987 1078 1015 eo
1103 969 1222 1033 quod
1257 969 1424 1014 dictum
1461 980 1522 1014 est
1549 987 1560 1015 :
1586 991 1606 1011 «
1627 972 1683 1016 Et
1749 971 1751 1021 ἶ

310 1060 332 1082 »
355 1037 467 1083 nihil
491 1037 587 1082 falsi
610 1037 663 1082 de
681 1054 753 1082 ore
774 1039 909 1101 ipsius
932 1040 1146 1103 procedit.
1168 1062 1187 1081 >2
1228 1038 1310 1083 Sed
1337 1038 1445 1084 dicit
1476 1039 1583 1084 alius
1623 1040 1684 1085 ita

308 1125 394 1155 esse
418 1107 722 1171 accipiendum
738 1145 748 1164 ‚
789 1109 899 1154 sicut
923 1110 1093 1173 accepit
1130 1109 1348 1172 apostolus
1372 1108 1534 1154 Paulus
1564 1108 1683 1172 quod
1750 1114 1752 1117 ’

311 1178 369 1224 ait
394 1178 604 1223 Dominus
640 1194 651 1220 z
680 1179 803 1236 «Ego
826 1189 966 1223 autem
989 1178 1088 1224 dico
1113 1179 1238 1224 vobis
1255 1215 1266 1234 ‚
1293 1195 1380 1223 non
1413 1182 1560 1237 J'urare
1584 1194 1682 1223 om·-

310 1269 331 1289 »
350 1247 453 1292 nino
473 1247 506 1293 ⁸¹.
523 1268 542 1288 »
569 1248 680 1292 Nam
703 1257 745 1291 et
768 1247 842 1292 hic
867 1248 1004 1292 omnis
1024 1248 1186 1306 juratio
1217 1248 1472 1292 circumcisa
1497 1258 1584 1303 est,
1610 1247 1682 1294 sed

310 1317 366 1362 ab
387 1333 458 1361 ore
473 1315 632 1371 cordis,
647 1327 695 1361 ut
714 1333 938 1379 nunquam
954 1317 1188 1363 voluntatis
1202 1317 1521 1379 approbatione
1542 1319 1678 1373 lieret,

308 1385 381 1432 sed
405 1386 650 1431 necessitate
673 1386 937 1431 infirmitatis
962 1387 1136 1432 alterius
1153 1423 1164 1441 ,
1196 1387 1242 1430 id
1267 1396 1353 1442 est,
1383 1404 1406 1430 a
1434 1385 1547 1431 malo
1573 1386 1683 1432 alte-

308 1456 396 1502 rius
410 1492 421 1512 ,
438 1456 510 1500 cui
526 1471 615 1500 non
630 1454 752 1500 aliter
765 1455 936 1501 videtur
953 1456 1203 1519 persuaderi
1219 1472 1343 1518 posse
1366 1454 1485 1518 quod
1499 1455 1679 1513 dicitur,

307 1526 388 1571 nisi
417 1524 608 1585 jurando
638 1524 743 1570 fides
773 1527 880 1579 fiat3
915 1537 988 1571 aut
1016 1526 1073 1571 ab
1100 1526 1176 1571 illo
1208 1525 1323 1570 malo
1359 1535 1530 1582 nostro,
1564 1525 1684 1589 quod

305 1596 439 1655 hujus
458 1594 733 1640 mortalitatis
756 1594 901 1641 adhuc
927 1596 1117 1659 pellibus
1140 1595 1324 1643 involuti
1344 1632 1356 1652 ,
1385 1612 1460 1641 cor
1489 1606 1683 1642 nostrum

305 1684 393 1713 non
412 1665 604 1713 valemus
627 1666 848 1711 ostendere
879 1684 890 1711 ε
915 1667 1035 1730 quod
1054 1668 1203 1730 utique
1227 1667 1259 1712 si
1283 1665 1543 1723 valeremus,
1563 1669 1681 1726 jura-

306 1737 420 1782 tione
437 1752 547 1799 opus
563 1752 652 1780 non
669 1746 786 1782 esset.
812 1737 1074 1799 Quanquam
1092 1738 1221 1782 etiam
1236 1736 1283 1781 in
1300 1735 1385 1781 hac
1404 1746 1494 1782 tota
1509 1747 1683 1782 senten-

306 1808 363 1853 tia
382 1844 393 1864 ‚
420 1807 455 1852 si
473 1806 593 1869 quod
612 1806 780 1852 dictum
799 1817 862 1852 est
885 1825 895 1852 ε
916 1829 938 1850 c<
957 1807 1186 1870 Excipiens
1205 1807 1389 1853 verbum
1408 1806 1522 1852 filius
1545 1824 1569 1852 a
1585 1823 1683 1869 per-

303 1899 325 1920 »
348 1877 511 1923 ditione
539 1877 664 1936 longe
693 1877 831 1922 aberit
850 1914 862 1934 ‚
882 1899 902 1919 »
929 1877 982 1922 de
1002 1878 1096 1940 ipsa
1124 1876 1292 1922 dictum
1314 1887 1376 1921 est
1396 1876 1584 1922 veritate
1605 1893 1683 1940 per

302 1965 434 2011 quam
451 1947 565 1993 facta
589 1958 689 1992 sunt
711 1948 855 1993 onmia
875 1985 886 2004 ‚
914 1965 1013 2011 quae
1031 1946 1401 1994 incommutabilis
1414 1963 1581 2009 semper
1593 1963 1682 1993 ma-

302 2029 398 2072 net3
418 2018 625 2081 quoniam
650 2018 852 2064 doctrina
872 2019 1090 2078 religionis
1108 2018 1162 2064 ad
1181 2035 1273 2063 eam
1297 2017 1682 2080 contemplandam

301 2089 537 2152 perducere
558 2089 727 2146 nititur,
750 2100 892 2153 potest
912 2089 1051 2136 videri
1078 2089 1134 2136 ad
1147 2089 1234 2135 hoc
1254 2105 1340 2134 esse
1363 2088 1531 2141 dictum
1552 2105 1564 2133 :
1587 2109 1608 2130 «
1625 2089 1680 2134 Et

300 2181 322 2202 »
351 2158 465 2204 nihil
485 2157 580 2204 falsi
606 2158 659 2203 de
687 2176 760 2204 ore
778 2160 913 2223 ipsius
929 2160 1134 2222 procedit
1150 2197 1161 2216 ‚
1185 2181 1206 2201 «
1235 2170 1283 2204 ut
1300 2158 1412 2204 nihil
1434 2158 1530 2205 falsi
1560 2157 1681 2221 quod

301 2228 357 2275 ad
380 2228 625 2274 doctrinam
645 2231 834 2292 pertinet
856 2230 987 2277 dicat.
1014 2230 1146 2287 Quod
1167 2229 1384 2276 mendacii
1402 2246 1533 2288 genus
1557 2227 1680 2274 nulla

301 2298 478 2345 omnino
504 2300 854 2362 compensatione
869 2301 1154 2346 subeundum
1167 2338 1177 2355 ‚
1198 2300 1459 2364 penitusque
1487 2316 1537 2344 ac
1556 2314 1678 2362 prae-

300 2370 428 2433 cipue
450 2368 733 2415 devitandum
756 2381 831 2417 est.
871 2373 959 2416 Aut
987 2371 1019 2417 si
1052 2371 1173 2434 quod
1199 2371 1367 2415 dictum
1386 2379 1447 2414 est
1473 2386 1484 2413 ε
1509 2389 1531 2410 <‹
1550 2367 1675 2415 Nihil

298 2462 320 2484 >2
341 2440 437 2486 falsi
457 2476 470 2497 ,
491 2461 512 2482 >2
536 2440 723 2486 absurde
740 2441 956 2504 accipitur
971 2478 982 2497 ‚
1010 2442 1044 2486 si
1071 2459 1159 2487 non
1179 2440 1234 2486 ad
1252 2456 1378 2485 omne
1400 2438 1678 2484 mendacium

298 2510 505 2558 referatur
532 2527 543 2556 :
564 2510 685 2575 quod
702 2511 870 2557 dictum
887 2521 951 2557 est
973 2529 984 2558 z
1004 2533 1025 2553 «
1039 2512 1102 2556 De
1127 2528 1199 2558 ore
1219 2510 1373 2575 ipsiuS,
1395 2531 1415 2551 »
1437 2507 1678 2558 secundum

344 2595 477 2629 ¹Galat.
494 2605 534 2634 vi,
550 2600 582 2633 4.
600 2612 643 2620 —-
661 2592 677 2616 2
697 2594 814 2628 Manli.
832 2605 864 2638 v,
882 2596 936 2632 34.

1752 1339 1755 1399 ἱ

1752 1401 1755 1427 Ι

1752 1444 1756 1463 l

1752 1470 1758 1557 l

1752 1560 1756 1611 l

1753 1616 1758 1674 l

1754 1696 1758 1755 i

1755 1765 1758 1787 l

1755 1794 1758 1858 !

1755 1859 1758 1874 ι

1756 1890 1758 1924 Ι
