1758 3246
0 271 3 323 ἓ
40 289 335 321 ENCHffltDloN
375 288 428 317 DE
466 287 589 326 rma,
618 287 694 316 sris
734 287 786 316 ET
821 286 1088 327 etiamtum
1114 288 1202 319 ΜΒ.
1247 289 1277 320 1.
1326 275 1433 318 113.

0 363 2 403 Ρ
39 353 287 400 haeredibus
325 352 588 397 Testamenti
621 350 760 406 Novi,
799 350 962 413 quibus
999 351 1193 397 dicitur:
1221 375 1241 395 «
1269 352 1336 398 Sit
1367 353 1414 400 in

40 445 60 466 ))
82 440 154 468 ore
188 433 344 477 vestro,
386 423 483 475 Est,
510 433 572 467 est
599 440 609 466 :
635 423 732 466 Non
764 437 852 466 non
880 437 891 465 ε
918 420 1035 483 quod
1072 423 1186 467 enim
1223 423 1410 487 amplius

39 515 60 536 n
79 503 155 549 est,
193 511 216 537 a
249 492 360 537 malo
379 493 481 538 est1.
504 514 524 534 »
560 495 746 555 Propter
774 490 894 554 quod
918 491 1103 547 malum,
1138 493 1240 554 quia
1263 495 1410 539 subre-

0 547 3 608 l
37 579 137 626 pere
156 562 202 607 in
234 562 318 607 hac
342 561 601 607 mortalitate
625 578 712 607 non
738 561 922 616 desinit,
955 561 1085 606 etiam
1109 561 1194 624 ipsi
1220 563 1408 610 cohaere-

37 632 110 679 des
135 632 298 678 Christi
315 632 495 678 dicunt:
523 654 544 674 «
565 632 746 677 Dimitte
763 631 889 676 nobis
914 630 1062 676 debita
1081 641 1226 678 nostra
1243 633 1275 680 2.
1292 654 1315 677 »

0 698 3 759 ³,
100 703 220 749 VIII.
258 703 337 748 His
354 703 497 766 itaque
513 720 595 766 pro
621 702 753 762 hujus
774 701 997 746 brevitatis
1020 703 1268 748 necessitate
1293 714 1412 751 trac-

38 773 151 828 tatis,
173 773 378 835 quoniam
401 790 542 818 causae
566 771 880 832 cognoscendae
897 782 996 817 sunt
1026 789 1172 817 rerum
1198 773 1418 820 bonarum

0 862 2 907 ξ
36 853 78 890 et
103 843 332 899 malarum,
363 854 577 906 quantum
602 844 686 889 viae
706 843 805 888 satis
829 853 891 887 est
910 859 1010 906 quae
1029 860 1106 888 nos
1127 843 1342 907 perducat
1363 845 1420 891 ad

0 944 3 970 1
36 930 242 973 regnum,
282 914 359 958 ubi
388 913 470 959 erit
495 915 585 960 vita
617 916 706 959 sine
740 924 900 971 morte,
937 913 1027 959 sine
1062 931 1204 959 errore
1236 916 1418 973 veritas,

0 980 4 1041 ξ
36 983 124 1028 sine
146 983 479 1046 perturbatione
514 983 696 1029 felicitas
718 1002 728 1028 :
754 1000 1031 1046 nequaquam
1067 983 1270 1030 dubitare
1293 985 1423 1032 debe-

0 1061 4 1107 ᾗ
35 1070 146 1108 mus,
173 1070 318 1098 rerum
341 1070 440 1115 quae
467 1054 522 1098 ad
543 1071 620 1099 nos
639 1055 860 1116 pertinent
884 1055 1103 1099 bonarum
1131 1071 1308 1101 causam
1332 1074 1422 1102 non

0 1138 4 1194 ’ἴ
35 1139 119 1170 esse
149 1123 231 1168 nisi
262 1123 503 1168 bonitatem
535 1124 643 1176 Dei3
682 1124 893 1169 malarum
927 1141 1030 1170 vero
1064 1124 1120 1169 ab
1157 1126 1423 1179 immutabili

34 1193 150 1239 bono
182 1193 453 1238 deficientem
479 1193 583 1238 boni
613 1194 839 1239 mutabilis
862 1194 1155 1250 voluntatem,
1191 1196 1315 1257 prius
1335 1199 1427 1242 An-

0 1260 5 1322 }
35 1263 134 1323 geli,
166 1262 356 1308 hominis
380 1274 544 1326 postea.
575 1265 670 1308 Hoc
692 1265 887 1326 primum
907 1275 969 1309 est
993 1274 1208 1310 creaturae
1235 1266 1424 1313 rationa-

0 1327 5 1414 ᾗ
34 1331 84 1378 lis
104 1332 284 1389 malum,
311 1332 356 1377 id
380 1343 459 1388 est,
488 1333 629 1395 prima
644 1334 833 1396 privatio
853 1334 989 1378 boni:
1009 1333 1167 1379 deinde
1180 1338 1275 1394 jam
1292 1336 1422 1383 etiam

1 1416 5 1458 ι
34 1402 279 1450 nolentibus
316 1402 580 1448 subintravit
607 1404 851 1462 ignorantia
877 1421 1020 1449 rerum
1062 1404 1344 1463 agendarum,
1383 1417 1427 1452 et

1 1465 6 1540 ᾗ
35 1473 386 1536 eoncupiscentia
417 1473 670 1527 noxiarum3
698 1474 860 1536 quibus
888 1474 1066 1519 comites
1094 1474 1429 1522 subinferuntur

1 1560 5 1578 ·
34 1559 149 1588 error
172 1553 214 1587 et
242 1542 367 1588 dolor
390 1561 399 1586 :
428 1560 527 1605 quae
558 1543 647 1588 duo
676 1543 787 1588 mala
822 1543 999 1606 quando
1030 1544 1303 1591 imminentia
1332 1563 1427 1592 sen-

2 1612 6 1675 j
34 1613 217 1669 tiuntur,
246 1630 293 1657 ea
310 1612 534 1672 fugitantis
555 1613 685 1658 animi
710 1623 852 1658 motus
875 1624 1058 1659 vocatur
1090 1624 1245 1661 metus.
1282 1616 1421 1662 Porro

2 1678 7 1763 J
33 1683 200 1728 animus
232 1699 334 1727 cum
363 1682 617 1745 adipiscitur
647 1683 882 1745 concupita
901 1719 912 1738 ,
940 1683 1138 1745 quamvis
1170 1685 1418 1746 perniciosa

2 1766 7 1836 ι
30 1752 99 1800 vel
109 1752 251 1798 inania
265 1789 276 1806 ‚
297 1753 504 1815 quoniam
526 1752 572 1798 id
590 1769 732 1797 errore
751 1769 837 1798 non
856 1754 1008 1808 sentit,
1040 1753 1107 1799 vel
1129 1753 1416 1802 delectatione

3 1839 8 1899 Ι
32 1823 231 1869 morbida
259 1823 472 1879 vincitur,
503 1823 572 1869 vel
592 1841 702 1869 vana
724 1824 855 1869 etiam
881 1824 1031 1869 laetitia
1066 1825 1315 1872 ventilatur.
1354 1828 1416 1872 Ex

4 1905 8 1957 ξ
33 1893 100 1939 his
127 1893 400 1949 morborum,
432 1910 519 1938 non
563 1894 791 1949 ubertatis,
827 1893 899 1938 sed
923 1893 1176 1952 indigentiae
1205 1905 1417 1958 tanquam

3 1962 226 2041 {fontibus
263 1963 401 2008 omnis
432 1963 603 2007 miseria
627 1974 795 2009 naturae
829 1963 1051 2008 rationalis
1077 1975 1262 2012 emanat..
1303 1966 1417 2022 Quae

32 2044 174 2081 tamen
196 2045 350 2080 natura
371 2033 416 2078 in
444 2033 565 2078 malis
594 2034 678 2079 suis
705 2051 790 2079 non
823 2035 968 2097 potuit
995 2035 1192 2080 amittere
1220 2035 1414 2083 beatitu-

33 2103 143 2150 dinis
182 2105 441 2167 appetitum.
484 2103 644 2149 Verum
670 2104 770 2150 haec
803 2105 1053 2151 communia
1085 2105 1198 2151 mala
1240 2117 1341 2152 sunt
1373 2119 1416 2153 et

31 2175 259 2234 hominum
279 2185 318 2219 et
353 2172 615 2233 Angelorum
635 2191 715 2237 pro
747 2191 821 2219 sua
854 2174 1017 2220 malitia
1042 2175 1221 2221 Domini
1244 2178 1414 2236 justitia

34 2244 352 2292 damnatorum.
382 2244 468 2288 Sed
490 2243 624 2289 homo
649 2243 842 2289 habetet
862 2261 1041 2307 poenam
1063 2246 1306 2309 propriam,
1328 2264 1415 2311 qua

34 2315 158 2361 etiam
186 2314 382 2377 eorporis
407 2324 544 2358 morte
564 2314 745 2377 punitus
766 2325 840 2360 est.
871 2315 1024 2360 Mortis
1049 2315 1086 2360 ei
1110 2316 1276 2380 quippe
1305 2334 1417 2380 sup-

6 2392 11 2448 }
33 2384 214 2448 plieium
235 2385 351 2429 Deus
378 2384 667 2429 comminatus
685 2384 825 2430 fuerat
842 2422 852 2433 ,
886 2385 920 2430 si
947 2397 1148 2449 peccaret
1163 2386 1179 2414 3
1203 2403 1212 2430 ι
1237 2387 1297 2432 sic
1317 2403 1416 2431 eum

6 2456 11 2530 Ῑ
35 2471 262 2516 munerans
283 2454 420 2500 libero
446 2454 644 2510 arbitrio,
670 2465 717 2499 ut
743 2466 886 2500 tamen
916 2467 1078 2516 regeret
1102 2455 1304 2519 imperio,
1335 2466 1420 2501 ter·

8 2535 142 2575 {reret
184 2525 309 2571 exitio
340 2545 352 2578 3
392 2534 520 2588 atque
561 2525 606 2570 in
648 2525 839 2588 paradisi
880 2524 1086 2572 felicitate
1125 2535 1336 2588 tanquam
1370 2526 1416 2572 iu

82 2607 90 2629 ¹
108 2607 227 2641 Manh.
245 2606 347 2651 v‚}37.
369 2625 413 2631 ——
430 2604 581 2645 21d.vr‚
602 2618 709 2640 12.—-
729 2604 743 2630 3
761 2611 841 2639 Gen.
859 2619 898 2652 υ,
921 2620 971 2647 ¹7·

168 2675 356 2705 cxxxm.
1273 2656 1301 2703 8
