1758 3246
33 320 332 351 Eucmmnion
368 321 423 350 DE
459 320 579 359 ΗΒΕ,
611 320 686 349 SPE
721 320 773 350 Er
810 320 1078 361 cuAm‘rArE,
1110 325 1195 356 Lm.
1239 326 1269 356 1.
1319 309 1407 358 115

34 385 170 430 Deum
197 385 398 439 deseruit,
423 401 522 447 quse
538 395 808 448 praeceptum
830 385 893 430 sui
921 386 1154 443 Creatoris‚
1178 388 1297 452 quod
1313 406 1407 435 cus.-

33 455 169 500 todire
196 455 398 501 facillime
415 465 575 518 posset,
604 472 679 500 sua
704 455 813 501 male
849 467 970 501 utens
989 467 1199 520 potestate
1223 460 1407 505 caleavit

33 536 162 588 atque
181 536 434 585 transgressa
461 536 540 579 est,
574 543 674 589 quae
693 526 739 571 in
762 543 803 571 se
822 526 887 572 sui
912 526 1160 572 Conditoris
1178 528 1407 589 imaginem

34 596 89 640 ab
119 599 208 654 ejus
240 594 404 640 lumine
430 595 749 641 contumaciter
776 613 920 642 aversa
945 596 1140 653 violavit,
1169 614 1269 661 quae
1291 599 1411 644 salu-

32 665 152 709 brem
196 668 443 710 servitutem
479 664 534 710 ab
574 669 664 723 ejus
705 664 870 724 leglbus
905 665 1016 711 male
1050 665 1188 712 libero
1233 667 1413 731 abrupit

35 734 235 789 arbitrio,
257 735 455 780 universa
478 735 522 779 in
549 746 757 780 aeternum
799 735 1062 782 desereretur
1089 737 1144 783 ab
1167 755 1234 793 eo,
1269 748 1311 783 et
1336 755 1415 802 pro

34 820 110 850 suo
152 805 305 849 merito
340 822 519 868 poenam
558 804 766 867 penderet
801 808 1141 870 sempiternam?
1186 807 1319 854 llane
1356 809 1417 854 ita

32 875 208 927 faceret,
223 875 255 920 si
273 886 437 920 tantum
455 880 616 936 justuS,
631 892 716 921 non
736 876 862 922 etiam
884 877 1122 924 misericors
1135 889 1256 934 esset,
1277 892 1419 925 suam-

34 961 118 1008 que
153 945 390 991 indebitam
439 946 775 992 misericordiam
816 947 954 994 multo
991 948 1234 995 evidentius
1265 950 1311 996 in
1345 950 1418 996 in-

34 1016 262 1075 dignorum
284 1017 427 1079 potius
448 1016 704 1061 liberatione
725 1029 996 1066 monstraret.

102 1087 177 1132 ix.
225 1085 392 1145 Angelis
421 1087 553 1145 igitur
584 1086 806 1149 aliquibus
841 1087 974 1152 impia
1015 1088 1220 1154 superbia
1248 1089 1421 1135 deside.-

36 1158 230 1203 rentibus
268 1159 405 1202 Deum
427 1194 437 1211 ‚
471 1169 510 1202 et
544 1158 588 1202 in
631 1157 761 1217 liujus
795 1161 905 1205 a’eris
933 1162 1064 1207 imam
1102 1161 1329 1220 caliginem
1368 1161 1421 1206 de

35 1243 220 1290 superna
252 1226 419 1272 coelesti
452 1227 724 1272 habitatione
757 1227 955 1287 dejectis,
992 1231 1190 1276 residuus
1218 1247 1423 1276 numerus

0 1323 1 1332 κ
37 1297 299 1357 Angelorum
327 1298 371 1343 in
398 1309 557 1344 aeterna
584 1315 686 1344 cum
721 1300 806 1344 Deo
840 1300 1113 1347 beatitudine
1131 1312 1173 1347 et
1196 1301 1424 1348 sanctitate

36 1369 285 1431 permansit.
323 1368 471 1431 [Neque
493 1369 606 1413 enim
631 1385 679 1413 ex
705 1385 792 1414 uno
820 1370 970 1430 angelo
999 1370 1122 1435 lapso
1142 1383 1273 1435 atque
1296 1370 1426 1417 dam·-

37 1449 139 1484 nato
166 1439 311 1484 caeteri
337 1439 565 1502 propagati
598 1448 716 1492 sunt,
747 1449 795 1483 ut
826 1455 897 1484 eos
928 1441 1040 1486 sicut
1077 1442 1275 1487 homines
1297 1441 1425 1501 origi-

38 1508 132 1554 nale
156 1509 317 1554 malum
344 1509 543 1554 obnoxiae
570 1509 849 1554 successionis
878 1510 1065 1557 vinculis
1098 1510 1327 1571 obligaret,
1356 1522 1424 1557 at-

38 1597 120 1643 que
157 1580 376 1625 universos
414 1581 600 1625 traheret
634 1579 688 1625 ad
728 1580 898 1625 debitas
928 1598 1118 1644 poenas:
1146 1581 1220 1627 sed
1260 1599 1309 1627 eo
1345 1582 1423 1645 qui

38 1650 239 1696 diabolus
262 1650 402 1695 factus
423 1661 514 1705 est,
542 1667 639 1695 cum
667 1649 794 1695 sociis
827 1650 1063 1714 impietatis
1095 1650 1206 1698 elato
1225 1689 1235 1707 ‚
1265 1652 1423 1716 etipsa

39 1736 139 1765 cum
160 1721 219 1765 eis
242 1719 423 1765 elatione
444 1730 681 1783 prostrato,
706 1720 850 1764 caeteri
874 1720 942 1783 pia
966 1721 1214 1768 obedientia
1237 1723 1424 1768 Domino

39 1790 332 1841 coliaeserunt,
355 1791 616 1854 accipientes
631 1791 779 1838 etiam.
803 1791 922 1854 quod
948 1791 1009 1837 illi
1034 1810 1122 1838 non
1149 1793 1419 1851 habuerunt,

39 1872 198 1907 certam
225 1861 466 1913 scientiam,
504 1878 588 1924 qua
614 1871 750 1906 essent
777 1860 831 1906 de
862 1879 934 1907 sua
959 1863 1219 1926 sempiterna
1243 1874 1284 1910 et
1312 1882 1423 1910 nun-

41 1948 175 1995 quarn
189 1949 339 1976 casura
365 1931 600 1977 stabilitate
622 1931 776 1978 securi.
800 1932 974 1978 Placuit
992 1933 1138 1997 itaque
1162 1935 1421 1981 universita-

40 2003 94 2048 tis
113 2003 317 2047 creatoris
336 2013 464 2065 atque
495 2002 754 2048 moderatori
781 2003 891 2059 Deo,
921 2015 969 2048 ut
991 2005 1197 2068 quoniam
1223 2023 1310 2051 non
1332 2017 1423 2052 tota

41 2072 277 2118 multitudo
302 2072 562 2132 Angelorum
590 2074 728 2117 Deum
748 2072 981 2119 deserendo
1004 2074 1215 2137 perierat,
1241 2094 1290 2123 ea
1319 2093 1420 2141 quae

41 2142 227 2206 perierat
261 2142 306 2187 in
333 2154 543 2206 perpetua
573 2144 816 2207 perditione
843 2156 1111 2191 remaneret:
1139 2163 1239 2210 quae
1274 2158 1419 2193 autem

43 2229 142 2259 eum
182 2213 272 2258 Deo
306 2213 379 2258 illa
417 2214 636 2260 deserente
681 2215 942 2278 perstiterat,
981 2214 1034 2261 de
1077 2233 1152 2262 sua
1187 2217 1420 2263 certissime

44 2284 215 2344 cognita
231 2301 401 2347 semper
417 2283 562 2331 futura
576 2285 777 2331 felicitate
798 2285 1006 2346 gauderet
1028 2304 1039 2332 ε
1073 2286 1154 2333 alia
1175 2305 1275 2334 vero
1297 2305 1420 2334 crea-

46 2365 142 2401 tura
162 2354 382 2401 rationalis
405 2372 505 2418 quae
531 2356 576 2401 in
602 2356 855 2401 bominibus
884 2367 999 2408 erat,
1028 2358 1234 2420 quoniam
1258 2376 1420 2422 pecca-

45 2425 98 2472 tis
120 2434 249 2489 atque
273 2424 499 2489 suppliciis
520 2437 561 2471 et
577 2426 862 2486 originalibus
883 2437 925 2471 et
951 2428 1140 2491 propriis
1160 2439 1247 2474 tota
1276 2429 1420 2491 p‹·rie—

46 2506 129 2550 rat,
152 2513 199 2541 ex
223 2500 313 2556 ejus
330 2507 451 2559 parte
475 2507 689 2560 reparata,
711 2496 831 2560 quod
861 2496 1068 2556 angelicae
1087 2498 1279 2543 societati
1296 2499 1421 2545 ruina

47 2566 119 2612 illa
141 2566 359 2612 diabolica
395 2568 624 2621 minuerat,
648 2567 938 2631 suppleretur.
964 2569 1060 2614 Hoc
1084 2569 1198 2614 enim
1229 2571 1421 2633 promis-

48 2654 142 2683 sum
161 2647 223 2685 est
235 2639 556 2698 resurgentibus
577 2640 753 2694 sanctis,
777 2637 898 2703 quod
908 2648 1035 2684 erunt
1046 2639 1233 2703 aequales
1251 2641 1423 2701 Angelis

1243 2710 1286 2756 8.
