1758 3246
305 281 396 344 590
722 296 758 325 S.
802 294 1044 328 Aueusrmi
1079 297 1281 329 Erlscom

301 380 389 408 non
410 361 623 424 praew'det
639 364 729 420 ejus
751 361 852 406 artis
877 361 1050 421 ignarus
1073 400 1084 419 ‚
1125 362 1221 409 ideo
1247 368 1339 424 jam
1379 364 1552 410 divinus
1585 363 1669 411 ha-

301 431 470 477 bendus
488 442 563 478 est.
587 431 707 488 Quid
728 442 868 477 autem
893 433 1077 489 mirum,
1101 434 1135 479 si
1159 434 1525 497 quemadmodum
1541 435 1671 482 illein

302 502 495 565 corporis
518 502 701 548 humani
723 501 791 547 vel
815 503 1067 565 perturbata
1089 503 1158 549 vel
1190 505 1442 551 modificata
1463 506 1672 570 temperie

302 588 376 617 seu
400 572 536 618 bonas
563 589 636 618 seu
669 571 802 617 malas
834 571 1001 618 futuras
1029 573 1242 636 praevidet
1276 575 1575 629 valetudine83
1611 576 1672 621 sic

303 641 538 689 daemonin
565 643 677 689 aeris
701 642 923 688 affectione
948 654 1078 707 atque
1112 644 1384 691 ordinatione
1423 646 1506 692 sibi
1540 656 1666 702 nota,

303 713 429 759 nobis
447 714 592 773 ignota
609 751 620 770 ,
648 714 814 759 futuras
837 715 1051 777 praevidet
1085 720 1381 779 tempestates?
1425 716 1673 780 Aliquando

305 793 347 828 et
365 783 596 829 hominum
629 784 928 847 dispositiones
946 784 982 841 1,
1023 802 1110 831 non
1137 786 1276 831 solum
1314 803 1420 832 voce
1448 786 1668 849 prolatas,

308 855 589 900 verumetiam
614 857 873 915 cogitatione
899 866 1129 919 conceptas
1149 894 1159 913 ‚
1189 874 1290 902 cum
1322 857 1441 916 signa
1472 857 1674 920 quaedam

306 941 353 969 ex
373 925 516 971 animo
533 927 835 989 exprimuntur
858 925 903 970 in
921 943 1103 990 corpore
1117 964 1128 983 ‚
1162 937 1253 972 tota
1271 926 1479 972 facilitate
1503 926 1677 990 perdis—

307 1006 414 1041 cunt
439 1013 449 1041 ε
472 1006 600 1059 atque
622 997 729 1042 hinc
745 997 874 1042 etiam
902 997 1039 1043 multa
1070 996 1220 1044 futura
1242 998 1565 1061 praenuntiant,
1587 997 1678 1044 aliis

307 1066 507 1113 videlicet
537 1067 675 1124 mira,
717 1067 793 1132 qui
826 1068 907 1113 ista
936 1067 1143 1132 disposita
1173 1086 1262 1114 non
1283 1079 1511 1115 noverunt.
1554 1068 1679 1114 Sicut

306 1137 420 1182 enim
447 1147 628 1200 apparet
651 1138 910 1183 concitatior
934 1139 1066 1184 animi
1094 1150 1238 1185 motus
1274 1140 1321 1185 in
1349 1138 1497 1196 vultu,
1539 1149 1588 1185 ut
1622 1138 1678 1185 ab

306 1205 562 1253 homiuibus
587 1224 760 1271 quoque
781 1207 946 1271 aliquid
982 1208 1217 1255 forinsecus
1248 1220 1523 1270 agnoscatur,
1558 1208 1679 1273 quod

306 1277 562 1324 intrinsecus
577 1279 719 1338 agitur
738 1297 748 1324 ι
768 1279 827 1324 ita
841 1296 929 1324 non
953 1279 1083 1326 debet
1103 1298 1190 1326 esse
1204 1280 1478 1337 incredibile,
1498 1281 1532 1326 si
1549 1281 1681 1326 etiam

307 1347 488 1393 leniores
511 1349 792 1408 cogitationes
816 1348 923 1394 dant
943 1349 1086 1413 aliqua
1111 1351 1230 1410 signa
1251 1368 1330 1415 per
1353 1368 1512 1414 corpus
1531 1387 1543 1407 ,
1575 1366 1676 1414 quae

305 1419 462 1465 obtuso
502 1436 626 1465 sensu
662 1419 893 1465 hominum
928 1422 1130 1480 cognosci
1168 1439 1256 1467 non
1290 1432 1473 1485 possunt
1494 1458 1507 1478 ‚
1549 1431 1678 1467 acuto

309 1501 452 1536 autem
475 1490 726 1536 daemonum
750 1502 944 1554 possunt.

373 1561 428 1606 X.
470 1560 564 1605 Hac
605 1571 732 1623 atque
759 1560 1012 1620 hujusmodi
1041 1561 1250 1609 facultate
1278 1562 1418 1609 multa
1455 1560 1672 1608 daemones

307 1631 627 1695 praenuntiant3
656 1647 756 1676 cum
778 1641 921 1677 tamen
941 1632 997 1677 ab
1023 1633 1081 1678 eis
1104 1634 1228 1694 longe
1264 1634 1318 1679 sit
1354 1631 1538 1678 altitudo
1562 1632 1676 1679 illius

306 1702 553 1767 prophetiae
570 1739 580 1758 ‚
602 1719 735 1766 quam
755 1704 868 1748 Deus
886 1721 966 1766 per
991 1716 1160 1751 sanctos
1185 1703 1364 1765 Angelos
1382 1720 1480 1749 suos
1503 1715 1546 1749 et
1565 1704 1680 1750 Pro-

309 1774 464 1838 phetas
487 1783 704 1836 operatur.
749 1774 859 1818 Nam
899 1774 933 1818 si
959 1774 1066 1837 quid
1095 1775 1147 1820 de
1173 1774 1247 1820 illa
1282 1775 1361 1820 Dei
1395 1773 1679 1837 dispositione

309 1843 633 1908 praenuntiant,
655 1842 840 1889 audiunt
858 1854 906 1889 ut
928 1846 1248 1907 praenuntient;
1270 1856 1312 1891 et
1336 1862 1438 1891 cum
1472 1862 1520 1890 ca
1554 1861 1677 1908 prae-

311 1914 465 1960 dicunt
479 1930 579 1978 quae
598 1913 699 1959 inde
719 1913 931 1970 audiunt,
967 1932 1056 1960 non
1082 1915 1239 1962 fallunt
1271 1932 1411 1979 neque
1432 1914 1645 1961 falluntur
1665 1932 1676 1960 ε

311 1986 581 2031 veracissima
601 1984 714 2029 enim
732 1994 833 2029 sunt
851 1985 1044 2044 angelica
1061 1997 1103 2031 et
1119 1987 1380 2050 prophetica
1397 1985 1585 2032 oracula.
1609 1985 1683 2031 Sic.

315 2066 455 2101 autem
474 2055 750 2114 indignanter
767 2055 998 2118 accipitur,
1022 2056 1142 2119 quod
1160 2057 1303 2120 aliqua
1318 2056 1446 2102 etiam
1465 2056 1565 2101 talia
1584 2055 1681 2102 dae-

312 2143 460 2172 mones
485 2126 663 2172 audiant
685 2136 726 2171 et
744 2126 1006 2190 praedicant,
1034 2129 1156 2191 quasi
1176 2127 1338 2192 aliquid
1360 2126 1589 2187 indignum
1606 2126 1676 2184 sit,

313 2207 362 2243 ut
379 2196 500 2261 quod
522 2196 618 2242 ideo
641 2197 802 2242 dicitur
831 2207 879 2242 ut
902 2197 1156 2244 hominibus
1179 2199 1443 2255 innotescat,
1472 2198 1560 2244 hoc
1592 2214 1681 2244 non

313 2268 451 2315 solum
470 2268 578 2314 boni
597 2305 608 2325 ,
632 2269 916 2315 verumetiam
934 2270 1038 2315 mali
1056 2288 1143 2316 non
1167 2281 1364 2316 taceant:
1384 2286 1486 2315 cum
1509 2269 1556 2315 in
1577 2269 1682 2332 ipsis

313 2339 570 2385 hominibus
587 2339 715 2384 etiam
738 2338 838 2384 vitae
856 2339 989 2385 bonae
1011 2351 1236 2404 praecepta
1268 2339 1493 2386 videamus
1518 2339 1682 2403 pariter

313 2429 337 2457 a
347 2410 474 2470 justis
486 2413 780 2474 perversisque
793 2411 976 2464 cantari3
995 2429 1076 2457 nec
1087 2412 1232 2457 obesse
1249 2410 1432 2475 aliquid,
1448 2411 1537 2455 imo
1551 2410 1678 2456 etiam

311 2482 514 2546 prodesse
536 2481 590 2528 ad
617 2485 823 2542 majorem
842 2483 1042 2528 notitiam
1066 2482 1312 2546 famamque
1333 2481 1524 2528 veritatis
1539 2519 1551 2535 ‚
1578 2497 1676 2527 cum

309 2552 363 2598 de
380 2552 455 2599 illa
474 2553 602 2598 etiam
624 2551 675 2598 hi
697 2551 915 2615 quidquid
939 2563 1154 2599 noverunt
1175 2551 1330 2598 dicunt
1347 2590 1357 2607 ,
1391 2551 1467 2616 qui
1506 2551 1544 2598 ei
1578 2568 1680 2616 per-

356 2639 366 2660 ¹
389 2649 405 2668 a
422 2640 510 2669 Retr.
530 2648 556 2669 c.
579 2639 630 2669 30.
645 2636 773 2671 Confer.
795 2637 815 2668 l.
841 2649 870 2669 ι.
892 2642 1001 2669 contra
1022 2637 1228 2669 Academicos
1247 2648 1274 2669 c.
1295 2638 1314 2667 6
1330 2642 1360 2668 et
1388 2648 1416 2676 7.
