1758 3246
267 249 368 303 4⁴22
399 265 433 291 ἑ.
466 261 709 291 AUGUS'HM
739 260 941 291 Episcopi
965 262 1019 290 DE
1040 261 1276 292 CONJL'GHS
1296 263 1605 296 ADULTEMMS.

261 338 397 378 retur.
447 324 494 371 Si
533 324 648 371 enim
681 323 769 371 hoc
807 326 933 371 multi
971 327 1049 371 Dei
1080 328 1266 374 ministri
1302 340 1477 392 repente
1511 341 1637 394 atque

267 395 496 457 inopinate
514 394 765 456 impositum
795 407 1101 459 susceperunt,
1134 409 1354 461 sperantes
1371 416 1412 444 se
1433 399 1639 445 illustrius

258 464 304 512 in
324 463 490 511 Christi
505 463 760 511 haereditate
785 464 972 525 fulgere3
993 477 1156 528 quanto
1175 468 1311 527 magis
1336 485 1411 513 vos
1428 468 1640 514 adulteria

265 533 462 583 cavendo
479 535 622 582 vivere
644 535 914 581 continenter
937 534 1104 580 debetis
1118 572 1128 591 ‚
1149 547 1384 582 metuentes
1400 555 1488 583 non
1510 538 1555 584 iu
1570 555 1641 583 re-

265 620 352 662 gno
368 603 448 649 Dei
472 604 616 653 minus
635 603 804 659 lucere,
831 603 903 649 sed
922 605 967 649 in
987 604 1184 663 gehenna
1210 606 1320 665 ignis
1337 607 1514 652 ardete?
1536 607 1644 653 Haec

271 682 403 735 atque
425 672 681 733 hujusmodi
703 674 762 718 eis
780 685 828 720 ut
853 691 1082 737 possumus
1113 674 1325 731 dicimus,
1366 677 1443 738 qui
1467 693 1645 740 quoquo

266 741 403 796 modo
424 759 447 787 a
471 760 515 787 se
537 742 859 795 discedentibus
881 743 948 790 vel
966 755 1147 807 propter
1181 745 1441 791 adulterium
1463 746 1647 792 dimissis

270 812 532 870 §on-jugibus
546 812 650 867 suis,
674 813 776 859 alias
789 813 941 859 volunt
961 813 1136 870 ducere,
1161 825 1313 861 etcum
1332 816 1644 878 prohibentur,

273 881 569 927 infirmitatem
594 882 722 928 nobis
741 884 882 929 carnis
905 895 1152 947 opponunt.
1179 885 1262 930 Sed
1273 888 1364 945 jam
1387 885 1499 931 liber
1519 886 1648 931 etiam

276 950 354 999 iste
375 948 643 996 claudendus
661 962 750 1007 est,
775 963 817 997 et
839 953 1058 1013 rogandus
1086 954 1218 1010 Deus,
1242 965 1290 999 ut
1316 963 1392 999 aut
1406 970 1477 999 eos
1496 954 1650 1000 tentari

276 1035 365 1072 non
395 1018 506 1070 sinat
529 1022 874 1083 separationibus
914 1027 1179 1083 conjugum3
1219 1034 1294 1075 aut
1328 1024 1388 1069 ita
1421 1023 1562 1080 sinat,
1603 1033 1652 1070 ut

276 1087 408 1141 timer
431 1088 716 1151 periclitantis
735 1090 882 1137 salutis
914 1091 989 1138 fiat
1021 1092 1106 1137 illis
1126 1092 1346 1155 amplioris
1378 1091 1465 1137 sive
1484 1093 1651 1156 proba,-

277 1167 405 1206 tionis
422 1175 590 1210 occasio
608 1171 831 1207 castitatis,

1757 1746 1758 1754 ⁴
1757 1715 1758 1718 „
1756 1678 1758 1706 ῌ
1750 1026 1758 1671 -ᾉῌ-.-.μ--η-ιΕ-Μι-ιψο
