<?xml version="1.0" encoding="UTF-8"?>
<!DOCTYPE html PUBLIC "-//W3C//DTD XHTML 1.0 Transitional//EN"
    "http://www.w3.org/TR/xhtml1/DTD/xhtml1-transitional.dtd">
<html xmlns="http://www.w3.org/1999/xhtml" xml:lang="en" lang="en">
 <head>
  <title>
</title>
<meta http-equiv="Content-Type" content="text/html;charset=utf-8" />
  <meta name='ocr-system' content='tesseract 3.04.00' />
  <meta name='ocr-capabilities' content='ocr_page ocr_carea ocr_par ocr_line ocrx_word'/>
</head>
<body>
  <div class='ocr_page' id='page_1' title='image "./operaomniaaccura26auguuoft/operaomniaaccura26auguuoft_0594.png"; bbox 0 0 1758 3246; ppageno 0'>
   <div class='ocr_carea' id='block_1_1' title="bbox 299 330 1277 396">
    <p class='ocr_par' dir='ltr' id='par_1_1' title="bbox 299 330 1277 396">
     <span class='ocr_line' id='line_1_1' title="bbox 299 330 1277 396; baseline 0.004 -16"><span class='ocrx_word' id='word_1_1' title='bbox 299 330 359 396; x_wconf 82' lang='grc'>5-</span> <span class='ocrx_word' id='word_1_2' title='bbox 354 349 392 380; x_wconf 90' lang='lat' dir='ltr'>o</span> <span class='ocrx_word' id='word_1_3' title='bbox 723 350 757 381; x_wconf 88' lang='lat' dir='ltr'>s.</span> <span class='ocrx_word' id='word_1_4' title='bbox 799 346 1040 382; x_wconf 75' lang='lat' dir='ltr'>Anous&#39;rmr</span> <span class='ocrx_word' id='word_1_5' title='bbox 1075 349 1277 384; x_wconf 78' lang='lat' dir='ltr'>Eplscorl</span> 
     </span>
    </p>
   </div>
   <div class='ocr_carea' id='block_1_2' title="bbox 295 412 1692 2613">
    <p class='ocr_par' dir='ltr' id='par_1_2' title="bbox 295 412 1670 963">
     <span class='ocr_line' id='line_1_2' title="bbox 298 412 1662 486; baseline 0.005 -24"><span class='ocrx_word' id='word_1_6' title='bbox 298 412 538 462; x_wconf 83' lang='lat' dir='ltr'>secundum</span> <span class='ocrx_word' id='word_1_7' title='bbox 561 430 705 462; x_wconf 80' lang='lat' dir='ltr'>sexum</span> <span class='ocrx_word' id='word_1_8' title='bbox 725 415 918 480; x_wconf 83' lang='lat' dir='ltr'>corporis</span> <span class='ocrx_word' id='word_1_9' title='bbox 945 417 1168 478; x_wconf 84' lang='lat' dir='ltr'>figuratur.</span> <span class='ocrx_word' id='word_1_10' title='bbox 1196 420 1259 466; x_wconf 92' lang='lat' dir='ltr'>De</span> <span class='ocrx_word' id='word_1_11' title='bbox 1283 437 1371 486; x_wconf 85' lang='lat' dir='ltr'>quo</span> <span class='ocrx_word' id='word_1_12' title='bbox 1399 431 1662 470; x_wconf 85' lang='lat' dir='ltr'>sacramento</span> 
     </span>
     <span class='ocr_line' id='line_1_3' title="bbox 298 484 1665 551; baseline 0.007 -20"><span class='ocrx_word' id='word_1_13' title='bbox 298 484 477 549; x_wconf 86' lang='lat' dir='ltr'>loquens</span> <span class='ocrx_word' id='word_1_14' title='bbox 506 487 730 551; x_wconf 74' lang='lat' dir='ltr'><strong>Apostolus</strong></span> <span class='ocrx_word' id='word_1_15' title='bbox 750 488 857 533; x_wconf 88' lang='lat' dir='ltr'>dicit</span> <span class='ocrx_word' id='word_1_16' title='bbox 880 489 1020 534; x_wconf 82' lang='lat' dir='ltr'>virum</span> <span class='ocrx_word' id='word_1_17' title='bbox 1040 507 1128 535; x_wconf 89' lang='lat' dir='ltr'>non</span> <span class='ocrx_word' id='word_1_18' title='bbox 1149 489 1304 537; x_wconf 87' lang='lat' dir='ltr'>debere</span> <span class='ocrx_word' id='word_1_19' title='bbox 1325 492 1575 550; x_wconf 64' lang='lat' dir='ltr'>xela1·i‚sed</span> <span class='ocrx_word' id='word_1_20' title='bbox 1594 494 1665 541; x_wconf 88' lang='lat' dir='ltr'>de·-</span> 
     </span>
     <span class='ocr_line' id='line_1_4' title="bbox 297 555 1666 628; baseline 0.007 -26"><span class='ocrx_word' id='word_1_21' title='bbox 297 555 400 602; x_wconf 86' lang='lat' dir='ltr'>bere</span> <span class='ocrx_word' id='word_1_22' title='bbox 417 557 655 604; x_wconf 89' lang='lat' dir='ltr'>mulierem.</span> <span class='ocrx_word' id='word_1_23' title='bbox 690 560 831 604; x_wconf 83' lang='lat' dir='ltr'>Tanto</span> <span class='ocrx_word' id='word_1_24' title='bbox 851 559 963 604; x_wconf 88' lang='lat' dir='ltr'>enim</span> <span class='ocrx_word' id='word_1_25' title='bbox 984 559 1206 619; x_wconf 75' lang='lat' dir='ltr'><strong>gloriosius</strong></span> <span class='ocrx_word' id='word_1_26' title='bbox 1227 579 1343 609; x_wconf 86' lang='lat' dir='ltr'>mens</span> <span class='ocrx_word' id='word_1_27' title='bbox 1367 562 1421 609; x_wconf 85' lang='lat' dir='ltr'>ad</span> <span class='ocrx_word' id='word_1_28' title='bbox 1444 564 1666 628; x_wconf 82' lang='lat' dir='ltr'>superiora</span> 
     </span>
     <span class='ocr_line' id='line_1_5' title="bbox 295 630 1666 700; baseline 0.007 -27"><span class='ocrx_word' id='word_1_29' title='bbox 295 639 593 692; x_wconf 82' lang='lat' dir='ltr'>promovetur,</span> <span class='ocrx_word' id='word_1_30' title='bbox 616 641 778 695; x_wconf 87' lang='lat' dir='ltr'>quanto</span> <span class='ocrx_word' id='word_1_31' title='bbox 797 630 1044 691; x_wconf 78' lang='lat' dir='ltr'>diligentius</span> <span class='ocrx_word' id='word_1_32' title='bbox 1070 631 1125 677; x_wconf 83' lang='lat' dir='ltr'>ab</span> <span class='ocrx_word' id='word_1_33' title='bbox 1142 631 1415 680; x_wconf 85' lang='lat' dir='ltr'>inferioribus</span> <span class='ocrx_word' id='word_1_34' title='bbox 1431 635 1666 700; x_wconf 89' lang='lat' dir='ltr'>concupis-</span> 
     </span>
     <span class='ocr_line' id='line_1_6' title="bbox 299 700 1668 770; baseline 0.006 -25"><span class='ocrx_word' id='word_1_35' title='bbox 299 700 437 745; x_wconf 86' lang='lat' dir='ltr'>centia</span> <span class='ocrx_word' id='word_1_36' title='bbox 474 701 741 756; x_wconf 81' lang='lat' dir='ltr'>cohibetur3</span> <span class='ocrx_word' id='word_1_37' title='bbox 781 701 921 748; x_wconf 86' lang='lat' dir='ltr'>donec</span> <span class='ocrx_word' id='word_1_38' title='bbox 956 713 1072 748; x_wconf 86' lang='lat' dir='ltr'>totus</span> <span class='ocrx_word' id='word_1_39' title='bbox 1104 703 1238 749; x_wconf 90' lang='lat' dir='ltr'>homo</span> <span class='ocrx_word' id='word_1_40' title='bbox 1277 721 1377 750; x_wconf 88' lang='lat' dir='ltr'>cum</span> <span class='ocrx_word' id='word_1_41' title='bbox 1411 705 1505 770; x_wconf 87' lang='lat' dir='ltr'>ipso</span> <span class='ocrx_word' id='word_1_42' title='bbox 1539 707 1668 753; x_wconf 86' lang='lat' dir='ltr'>etiam</span> 
     </span>
     <span class='ocr_line' id='line_1_7' title="bbox 300 770 1670 838; baseline 0.005 -23"><span class='ocrx_word' id='word_1_43' title='bbox 300 770 472 816; x_wconf 84' lang='lat' dir='ltr'>mortali</span> <span class='ocrx_word' id='word_1_44' title='bbox 497 788 614 817; x_wconf 91' lang='lat' dir='ltr'>nunc</span> <span class='ocrx_word' id='word_1_45' title='bbox 652 783 694 818; x_wconf 82' lang='lat' dir='ltr'>et</span> <span class='ocrx_word' id='word_1_46' title='bbox 725 772 868 833; x_wconf 80' lang='lat' dir='ltr'>fragili</span> <span class='ocrx_word' id='word_1_47' title='bbox 906 790 1087 838; x_wconf 87' lang='lat' dir='ltr'>corpore</span> <span class='ocrx_word' id='word_1_48' title='bbox 1127 773 1173 819; x_wconf 88' lang='lat' dir='ltr'>in</span> <span class='ocrx_word' id='word_1_49' title='bbox 1197 776 1502 822; x_wconf 89' lang='lat' dir='ltr'>resurrectione</span> <span class='ocrx_word' id='word_1_50' title='bbox 1531 776 1670 823; x_wconf 89' lang='lat' dir='ltr'>novis-</span> 
     </span>
     <span class='ocr_line' id='line_1_8' title="bbox 302 840 1670 908; baseline 0.007 -23"><span class='ocrx_word' id='word_1_51' title='bbox 302 840 406 886; x_wconf 82' lang='lat' dir='ltr'>sima</span> <span class='ocrx_word' id='word_1_52' title='bbox 447 842 773 906; x_wconf 80' lang='lat' dir='ltr'>incorruptione</span> <span class='ocrx_word' id='word_1_53' title='bbox 815 855 941 908; x_wconf 84' lang='lat' dir='ltr'>atque</span> <span class='ocrx_word' id='word_1_54' title='bbox 987 844 1307 891; x_wconf 82' lang='lat' dir='ltr'>immortalitate</span> <span class='ocrx_word' id='word_1_55' title='bbox 1349 845 1556 893; x_wconf 85' lang='lat' dir='ltr'>induatur</span> <span class='ocrx_word' id='word_1_56' title='bbox 1574 884 1584 903; x_wconf 87' lang='lat'>‚</span> <span class='ocrx_word' id='word_1_57' title='bbox 1628 857 1670 894; x_wconf 89' lang='lat' dir='ltr'>et</span> 
     </span>
     <span class='ocr_line' id='line_1_9' title="bbox 305 911 1116 963; baseline 0.009 -7"><span class='ocrx_word' id='word_1_58' title='bbox 305 911 589 959; x_wconf 82' lang='lat' dir='ltr'>absorbeatur</span> <span class='ocrx_word' id='word_1_59' title='bbox 620 931 736 960; x_wconf 89' lang='lat' dir='ltr'>mors</span> <span class='ocrx_word' id='word_1_60' title='bbox 768 914 812 960; x_wconf 90' lang='lat' dir='ltr'>in</span> <span class='ocrx_word' id='word_1_61' title='bbox 831 915 1059 962; x_wconf 73' lang='lat' dir='ltr'>victoriam</span> <span class='ocrx_word' id='word_1_62' title='bbox 1083 914 1116 963; x_wconf 69' lang='lat'>1.</span> 
     </span>
    </p>

    <p class='ocr_par' dir='ltr' id='par_1_3' title="bbox 304 984 1692 2613">
     <span class='ocr_line' id='line_1_10' title="bbox 366 984 1672 1050; baseline 0.004 -21"><span class='ocrx_word' id='word_1_63' title='bbox 366 984 481 1029; x_wconf 88' lang='lat' dir='ltr'>XLI.</span> <span class='ocrx_word' id='word_1_64' title='bbox 515 985 798 1050; x_wconf 83' lang='lat' dir='ltr'>Quapropter</span> <span class='ocrx_word' id='word_1_65' title='bbox 829 985 904 1050; x_wconf 90' lang='lat' dir='ltr'>qui</span> <span class='ocrx_word' id='word_1_66' title='bbox 936 997 1052 1032; x_wconf 87' lang='lat' dir='ltr'>recta</span> <span class='ocrx_word' id='word_1_67' title='bbox 1089 986 1226 1033; x_wconf 85' lang='lat' dir='ltr'>facere</span> <span class='ocrx_word' id='word_1_68' title='bbox 1265 987 1447 1045; x_wconf 81' lang='lat' dir='ltr'>nolunt,</span> <span class='ocrx_word' id='word_1_69' title='bbox 1475 987 1672 1035; x_wconf 82' lang='lat' dir='ltr'>desinant</span> 
     </span>
     <span class='ocr_line' id='line_1_11' title="bbox 304 1054 1672 1124; baseline 0.004 -24"><span class='ocrx_word' id='word_1_70' title='bbox 304 1054 450 1101; x_wconf 87' lang='lat' dir='ltr'>saltem</span> <span class='ocrx_word' id='word_1_71' title='bbox 477 1055 630 1102; x_wconf 86' lang='lat' dir='ltr'>docere</span> <span class='ocrx_word' id='word_1_72' title='bbox 643 1074 858 1120; x_wconf 80' lang='lat' dir='ltr'>perversa.</span> <span class='ocrx_word' id='word_1_73' title='bbox 888 1057 971 1104; x_wconf 85' lang='lat' dir='ltr'>Sed</span> <span class='ocrx_word' id='word_1_74' title='bbox 998 1057 1068 1104; x_wconf 90' lang='lat' dir='ltr'>alii</span> <span class='ocrx_word' id='word_1_75' title='bbox 1086 1070 1209 1116; x_wconf 86' lang='lat' dir='ltr'>sunt,</span> <span class='ocrx_word' id='word_1_76' title='bbox 1244 1076 1352 1124; x_wconf 89' lang='lat' dir='ltr'>quos</span> <span class='ocrx_word' id='word_1_77' title='bbox 1377 1059 1456 1106; x_wconf 88' lang='lat' dir='ltr'>isto</span> <span class='ocrx_word' id='word_1_78' title='bbox 1481 1077 1672 1106; x_wconf 84' lang='lat' dir='ltr'>sermone</span> 
     </span>
     <span class='ocr_line' id='line_1_12' title="bbox 305 1126 1674 1195; baseline 0.004 -24"><span class='ocrx_word' id='word_1_79' title='bbox 305 1126 591 1190; x_wconf 83' lang='lat' dir='ltr'>corripimus:</span> <span class='ocrx_word' id='word_1_80' title='bbox 632 1127 727 1174; x_wconf 90' lang='lat' dir='ltr'>illos</span> <span class='ocrx_word' id='word_1_81' title='bbox 771 1139 914 1174; x_wconf 87' lang='lat' dir='ltr'>autem</span> <span class='ocrx_word' id='word_1_82' title='bbox 938 1129 1013 1193; x_wconf 92' lang='lat' dir='ltr'>qui</span> <span class='ocrx_word' id='word_1_83' title='bbox 1040 1129 1126 1176; x_wconf 87' lang='lat' dir='ltr'>hoc</span> <span class='ocrx_word' id='word_1_84' title='bbox 1158 1147 1246 1176; x_wconf 90' lang='lat' dir='ltr'>uno</span> <span class='ocrx_word' id='word_1_85' title='bbox 1286 1131 1391 1177; x_wconf 69' lang='lat' dir='ltr'>vitio</span> <span class='ocrx_word' id='word_1_86' title='bbox 1414 1131 1674 1195; x_wconf 85' lang='lat' dir='ltr'>capillorum</span> 
     </span>
     <span class='ocr_line' id='line_1_13' title="bbox 306 1199 1676 1263; baseline 0.004 -21"><span class='ocrx_word' id='word_1_87' title='bbox 306 1207 457 1243; x_wconf 86' lang='lat' dir='ltr'>contra</span> <span class='ocrx_word' id='word_1_88' title='bbox 477 1209 750 1262; x_wconf 75' lang='lat' dir='ltr'>praeceptum</span> <span class='ocrx_word' id='word_1_89' title='bbox 776 1199 1063 1263; x_wconf 88' lang='lat' dir='ltr'>apostolicum</span> <span class='ocrx_word' id='word_1_90' title='bbox 1084 1201 1365 1248; x_wconf 87' lang='lat' dir='ltr'>demissorum</span> <span class='ocrx_word' id='word_1_91' title='bbox 1389 1201 1614 1248; x_wconf 89' lang='lat' dir='ltr'>offendunt</span> <span class='ocrx_word' id='word_1_92' title='bbox 1635 1211 1676 1247; x_wconf 84' lang='lat' dir='ltr'>et</span> 
     </span>
     <span class='ocr_line' id='line_1_14' title="bbox 307 1269 1676 1335; baseline 0.004 -21"><span class='ocrx_word' id='word_1_93' title='bbox 307 1269 568 1332; x_wconf 83' lang='lat' dir='ltr'>perturbant</span> <span class='ocrx_word' id='word_1_94' title='bbox 602 1270 872 1317; x_wconf 85' lang='lat' dir='ltr'>Ecclesiam:</span> <span class='ocrx_word' id='word_1_95' title='bbox 896 1272 997 1335; x_wconf 84' lang='lat' dir='ltr'>quia</span> <span class='ocrx_word' id='word_1_96' title='bbox 1033 1290 1133 1319; x_wconf 90' lang='lat' dir='ltr'>cum</span> <span class='ocrx_word' id='word_1_97' title='bbox 1170 1273 1243 1319; x_wconf 92' lang='lat' dir='ltr'>alii</span> <span class='ocrx_word' id='word_1_98' title='bbox 1274 1273 1464 1319; x_wconf 83' lang='lat' dir='ltr'>nolentes</span> <span class='ocrx_word' id='word_1_99' title='bbox 1508 1273 1561 1319; x_wconf 86' lang='lat' dir='ltr'>de</span> <span class='ocrx_word' id='word_1_100' title='bbox 1594 1272 1676 1319; x_wconf 89' lang='lat' dir='ltr'>illis</span> 
     </span>
     <span class='ocr_line' id='line_1_15' title="bbox 308 1339 1677 1408; baseline 0.002 -23"><span class='ocrx_word' id='word_1_101' title='bbox 308 1339 407 1385; x_wconf 86' lang='lat' dir='ltr'>mali</span> <span class='ocrx_word' id='word_1_102' title='bbox 429 1340 593 1404; x_wconf 84' lang='lat' dir='ltr'>aliquid</span> <span class='ocrx_word' id='word_1_103' title='bbox 612 1342 783 1398; x_wconf 77' lang='lat' dir='ltr'>sentire,</span> <span class='ocrx_word' id='word_1_104' title='bbox 808 1354 1023 1403; x_wconf 80' lang='lat' dir='ltr'>coguntur</span> <span class='ocrx_word' id='word_1_105' title='bbox 1058 1343 1279 1390; x_wconf 89' lang='lat' dir='ltr'>manifesta</span> <span class='ocrx_word' id='word_1_106' title='bbox 1310 1345 1443 1391; x_wconf 88' lang='lat' dir='ltr'>verba</span> <span class='ocrx_word' id='word_1_107' title='bbox 1484 1342 1677 1408; x_wconf 83' lang='lat' dir='ltr'>Apostoli</span> 
     </span>
     <span class='ocr_line' id='line_1_16' title="bbox 307 1410 1678 1476; baseline 0.002 -20"><span class='ocrx_word' id='word_1_108' title='bbox 307 1410 353 1456; x_wconf 89' lang='lat' dir='ltr'>in</span> <span class='ocrx_word' id='word_1_109' title='bbox 374 1428 620 1474; x_wconf 79' lang='lat' dir='ltr'>perversam</span> <span class='ocrx_word' id='word_1_110' title='bbox 646 1411 899 1476; x_wconf 83' lang='lat' dir='ltr'>detorquere</span> <span class='ocrx_word' id='word_1_111' title='bbox 919 1416 1190 1470; x_wconf 77' lang='lat' dir='ltr'>sententiam,</span> <span class='ocrx_word' id='word_1_112' title='bbox 1216 1414 1288 1460; x_wconf 90' lang='lat' dir='ltr'>alii</span> <span class='ocrx_word' id='word_1_113' title='bbox 1311 1431 1462 1460; x_wconf 87' lang='lat' dir='ltr'>sanum</span> <span class='ocrx_word' id='word_1_114' title='bbox 1482 1413 1678 1460; x_wconf 91' lang='lat' dir='ltr'>intellec-</span> 
     </span>
     <span class='ocr_line' id='line_1_17' title="bbox 312 1482 1680 1549; baseline 0.003 -23"><span class='ocrx_word' id='word_1_115' title='bbox 312 1492 404 1527; x_wconf 89' lang='lat' dir='ltr'>tum</span> <span class='ocrx_word' id='word_1_116' title='bbox 445 1482 768 1546; x_wconf 79' lang='lat' dir='ltr'>Scripturarum</span> <span class='ocrx_word' id='word_1_117' title='bbox 811 1484 1040 1531; x_wconf 85' lang='lat' dir='ltr'>defendere</span> <span class='ocrx_word' id='word_1_118' title='bbox 1078 1485 1264 1541; x_wconf 80' lang='lat' dir='ltr'>malunt,</span> <span class='ocrx_word' id='word_1_119' title='bbox 1309 1502 1438 1549; x_wconf 83' lang='lat' dir='ltr'>quam</span> <span class='ocrx_word' id='word_1_120' title='bbox 1465 1484 1680 1549; x_wconf 86' lang='lat' dir='ltr'>quoslibet</span> 
     </span>
     <span class='ocr_line' id='line_1_18' title="bbox 310 1552 1680 1608; baseline 0.004 -11"><span class='ocrx_word' id='word_1_121' title='bbox 310 1552 505 1599; x_wconf 87' lang='lat' dir='ltr'>homines</span> <span class='ocrx_word' id='word_1_122' title='bbox 526 1553 725 1608; x_wconf 80' lang='lat' dir='ltr'>adulare3</span> <span class='ocrx_word' id='word_1_123' title='bbox 752 1556 937 1602; x_wconf 81' lang='lat' dir='ltr'>existunt</span> <span class='ocrx_word' id='word_1_124' title='bbox 960 1556 1072 1602; x_wconf 87' lang='lat' dir='ltr'>inter</span> <span class='ocrx_word' id='word_1_125' title='bbox 1089 1556 1240 1602; x_wconf 88' lang='lat' dir='ltr'>fratres</span> <span class='ocrx_word' id='word_1_126' title='bbox 1264 1555 1519 1602; x_wconf 86' lang='lat' dir='ltr'>infirmiores</span> <span class='ocrx_word' id='word_1_127' title='bbox 1535 1566 1576 1602; x_wconf 90' lang='lat' dir='ltr'>et</span> <span class='ocrx_word' id='word_1_128' title='bbox 1600 1556 1680 1601; x_wconf 88' lang='lat' dir='ltr'>fir-</span> 
     </span>
     <span class='ocr_line' id='line_1_19' title="bbox 309 1626 1681 1694; baseline 0.004 -23"><span class='ocrx_word' id='word_1_129' title='bbox 309 1626 464 1673; x_wconf 90' lang='lat' dir='ltr'>miores</span> <span class='ocrx_word' id='word_1_130' title='bbox 482 1627 759 1674; x_wconf 66' lang='lat' dir='ltr'>amarissimas</span> <span class='ocrx_word' id='word_1_131' title='bbox 773 1640 814 1674; x_wconf 92' lang='lat' dir='ltr'>et</span> <span class='ocrx_word' id='word_1_132' title='bbox 832 1630 1205 1693; x_wconf 77' lang='lat' dir='ltr'>periculosissimee</span> <span class='ocrx_word' id='word_1_133' title='bbox 1224 1631 1539 1676; x_wconf 86' lang='lat' dir='ltr'>contentiones:</span> <span class='ocrx_word' id='word_1_134' title='bbox 1563 1629 1681 1694; x_wconf 88' lang='lat' dir='ltr'>quod</span> 
     </span>
     <span class='ocr_line' id='line_1_20' title="bbox 312 1696 1679 1766; baseline 0.004 -24"><span class='ocrx_word' id='word_1_135' title='bbox 312 1696 377 1743; x_wconf 89' lang='lat' dir='ltr'>illi</span> <span class='ocrx_word' id='word_1_136' title='bbox 399 1696 508 1744; x_wconf 87' lang='lat' dir='ltr'>forte</span> <span class='ocrx_word' id='word_1_137' title='bbox 528 1699 562 1745; x_wconf 92' lang='lat' dir='ltr'>si</span> <span class='ocrx_word' id='word_1_138' title='bbox 579 1699 760 1759; x_wconf 84' lang='lat' dir='ltr'>scirent,</span> <span class='ocrx_word' id='word_1_139' title='bbox 789 1701 876 1748; x_wconf 93' lang='grc'>1100</span> <span class='ocrx_word' id='word_1_140' title='bbox 894 1719 1066 1766; x_wconf 83' lang='lat' dir='ltr'>quoque</span> <span class='ocrx_word' id='word_1_141' title='bbox 1085 1702 1173 1747; x_wconf 88' lang='lat' dir='ltr'>sine</span> <span class='ocrx_word' id='word_1_142' title='bbox 1197 1701 1470 1748; x_wconf 87' lang='lat' dir='ltr'>dubitatione</span> <span class='ocrx_word' id='word_1_143' title='bbox 1490 1701 1679 1762; x_wconf 85' lang='lat' dir='ltr'>corrige·</span> 
     </span>
     <span class='ocr_line' id='line_1_21' title="bbox 313 1772 1683 1833; baseline 0.004 -20"><span class='ocrx_word' id='word_1_144' title='bbox 313 1778 410 1813; x_wconf 85' lang='lat' dir='ltr'>rent</span> <span class='ocrx_word' id='word_1_145' title='bbox 423 1806 434 1825; x_wconf 81' lang='lat'><strong><em>‚</em></strong></span> <span class='ocrx_word' id='word_1_146' title='bbox 464 1786 649 1833; x_wconf 90' lang='lat' dir='ltr'>quorum</span> <span class='ocrx_word' id='word_1_147' title='bbox 669 1783 823 1818; x_wconf 79' lang='lat' dir='ltr'>caetera</span> <span class='ocrx_word' id='word_1_148' title='bbox 843 1772 1054 1818; x_wconf 87' lang='lat' dir='ltr'>miramur</span> <span class='ocrx_word' id='word_1_149' title='bbox 1070 1783 1111 1818; x_wconf 92' lang='lat' dir='ltr'>et</span> <span class='ocrx_word' id='word_1_150' title='bbox 1131 1789 1336 1820; x_wconf 87' lang='lat' dir='ltr'>amamus.</span> <span class='ocrx_word' id='word_1_151' title='bbox 1358 1772 1460 1818; x_wconf 91' lang='lat' dir='ltr'>Illos</span> <span class='ocrx_word' id='word_1_152' title='bbox 1478 1789 1575 1833; x_wconf 84' lang='lat' dir='ltr'>ergo</span> <span class='ocrx_word' id='word_1_153' title='bbox 1594 1788 1683 1817; x_wconf 89' lang='lat' dir='ltr'>non</span> 
     </span>
     <span class='ocr_line' id='line_1_22' title="bbox 316 1838 1683 1907; baseline 0.003 -24"><span class='ocrx_word' id='word_1_154' title='bbox 316 1838 576 1902; x_wconf 86' lang='lat' dir='ltr'>corripimus</span> <span class='ocrx_word' id='word_1_155' title='bbox 592 1879 602 1897; x_wconf 86' lang='lat'>,</span> <span class='ocrx_word' id='word_1_156' title='bbox 629 1841 702 1887; x_wconf 86' lang='lat' dir='ltr'>sed</span> <span class='ocrx_word' id='word_1_157' title='bbox 721 1859 920 1903; x_wconf 83' lang='lat' dir='ltr'>rogamus</span> <span class='ocrx_word' id='word_1_158' title='bbox 944 1853 985 1888; x_wconf 88' lang='lat' dir='ltr'>ct</span> <span class='ocrx_word' id='word_1_159' title='bbox 1017 1843 1294 1889; x_wconf 85' lang='lat' dir='ltr'>obsecramus</span> <span class='ocrx_word' id='word_1_160' title='bbox 1314 1860 1393 1907; x_wconf 91' lang='lat' dir='ltr'>per</span> <span class='ocrx_word' id='word_1_161' title='bbox 1411 1842 1683 1889; x_wconf 87' lang='lat' dir='ltr'>divinitatem</span> 
     </span>
     <span class='ocr_line' id='line_1_23' title="bbox 314 1909 1681 1977; baseline 0.003 -23"><span class='ocrx_word' id='word_1_162' title='bbox 314 1919 355 1954; x_wconf 89' lang='lat' dir='ltr'>et</span> <span class='ocrx_word' id='word_1_163' title='bbox 372 1909 687 1959; x_wconf 87' lang='lat' dir='ltr'>humanitatem</span> <span class='ocrx_word' id='word_1_164' title='bbox 703 1913 885 1970; x_wconf 84' lang='lat' dir='ltr'>Christi,</span> <span class='ocrx_word' id='word_1_165' title='bbox 902 1924 942 1959; x_wconf 86' lang='lat' dir='ltr'>et</span> <span class='ocrx_word' id='word_1_166' title='bbox 954 1931 1032 1977; x_wconf 86' lang='lat' dir='ltr'>per</span> <span class='ocrx_word' id='word_1_167' title='bbox 1049 1913 1307 1960; x_wconf 87' lang='lat' dir='ltr'>charitatem</span> <span class='ocrx_word' id='word_1_168' title='bbox 1325 1913 1512 1977; x_wconf 87' lang='lat' dir='ltr'>Spiritus</span> <span class='ocrx_word' id='word_1_169' title='bbox 1526 1911 1681 1969; x_wconf 88' lang='lat' dir='ltr'>sancti,</span> 
     </span>
     <span class='ocr_line' id='line_1_24' title="bbox 314 1980 1686 2048; baseline 0.002 -23"><span class='ocrx_word' id='word_1_170' title='bbox 314 1997 368 2026; x_wconf 91' lang='lat' dir='ltr'>ne</span> <span class='ocrx_word' id='word_1_171' title='bbox 391 1980 503 2027; x_wconf 85' lang='lat' dir='ltr'>ultra</span> <span class='ocrx_word' id='word_1_172' title='bbox 515 1986 604 2042; x_wconf 87' lang='lat' dir='ltr'>jam</span> <span class='ocrx_word' id='word_1_173' title='bbox 625 1996 793 2047; x_wconf 85' lang='lat' dir='ltr'>ponant</span> <span class='ocrx_word' id='word_1_174' title='bbox 807 1985 895 2031; x_wconf 90' lang='grc'>1100</span> <span class='ocrx_word' id='word_1_175' title='bbox 918 1984 1230 2031; x_wconf 83' lang='lat' dir='ltr'>offendiculum</span> <span class='ocrx_word' id='word_1_176' title='bbox 1249 1984 1432 2044; x_wconf 82' lang='lat' dir='ltr'>infirmis</span> <span class='ocrx_word' id='word_1_177' title='bbox 1447 2021 1458 2041; x_wconf 83' lang='lat'><strong><em>‚</em></strong></span> <span class='ocrx_word' id='word_1_178' title='bbox 1476 2001 1560 2048; x_wconf 88' lang='lat' dir='ltr'>pro</span> <span class='ocrx_word' id='word_1_179' title='bbox 1582 1982 1686 2048; x_wconf 83' lang='lat' dir='ltr'>qui-</span> 
     </span>
     <span class='ocr_line' id='line_1_25' title="bbox 316 2052 1686 2119; baseline -0.001 -20"><span class='ocrx_word' id='word_1_180' title='bbox 316 2053 400 2099; x_wconf 92' lang='lat' dir='ltr'>bus</span> <span class='ocrx_word' id='word_1_181' title='bbox 421 2052 622 2100; x_wconf 87' lang='lat' dir='ltr'>Christus</span> <span class='ocrx_word' id='word_1_182' title='bbox 640 2066 836 2102; x_wconf 88' lang='lat' dir='ltr'>mortuus</span> <span class='ocrx_word' id='word_1_183' title='bbox 849 2066 936 2112; x_wconf 76' lang='lat' dir='ltr'>est,</span> <span class='ocrx_word' id='word_1_184' title='bbox 962 2066 1003 2101; x_wconf 85' lang='lat' dir='ltr'>et</span> <span class='ocrx_word' id='word_1_185' title='bbox 1020 2055 1216 2102; x_wconf 88' lang='lat' dir='ltr'>dolorem</span> <span class='ocrx_word' id='word_1_186' title='bbox 1235 2055 1562 2119; x_wconf 85' lang='lat' dir='ltr'>cruciatumque</span> <span class='ocrx_word' id='word_1_187' title='bbox 1582 2070 1686 2099; x_wconf 87' lang='lat' dir='ltr'>nos-</span> 
     </span>
     <span class='ocr_line' id='line_1_26' title="bbox 317 2123 1688 2192; baseline 0.001 -23"><span class='ocrx_word' id='word_1_188' title='bbox 317 2124 373 2170; x_wconf 84' lang='lat' dir='ltr'>tri</span> <span class='ocrx_word' id='word_1_189' title='bbox 395 2125 537 2170; x_wconf 89' lang='lat' dir='ltr'>cordis</span> <span class='ocrx_word' id='word_1_190' title='bbox 561 2137 834 2186; x_wconf 80' lang='lat' dir='ltr'>exaggerent,</span> <span class='ocrx_word' id='word_1_191' title='bbox 861 2144 961 2173; x_wconf 89' lang='lat' dir='ltr'>cum</span> <span class='ocrx_word' id='word_1_192' title='bbox 992 2127 1229 2188; x_wconf 83' lang='lat' dir='ltr'>cooitamus</span> <span class='ocrx_word' id='word_1_193' title='bbox 1263 2136 1429 2192; x_wconf 85' lang='lat' dir='ltr'>quanto</span> <span class='ocrx_word' id='word_1_194' title='bbox 1450 2123 1688 2191; x_wconf 85' lang='lat' dir='ltr'>proclivius</span> 
     </span>
     <span class='ocr_line' id='line_1_27' title="bbox 317 2193 1686 2262; baseline 0 -22"><span class='ocrx_word' id='word_1_195' title='bbox 317 2196 405 2241; x_wconf 89' lang='lat' dir='ltr'>hoc</span> <span class='ocrx_word' id='word_1_196' title='bbox 421 2195 583 2241; x_wconf 86' lang='lat' dir='ltr'>malum</span> <span class='ocrx_word' id='word_1_197' title='bbox 611 2196 665 2242; x_wconf 88' lang='lat' dir='ltr'>ad</span> <span class='ocrx_word' id='word_1_198' title='bbox 686 2197 965 2262; x_wconf 83' lang='lat' dir='ltr'>decipiendos</span> <span class='ocrx_word' id='word_1_199' title='bbox 988 2198 1212 2243; x_wconf 85' lang='lat' dir='ltr'>homines</span> <span class='ocrx_word' id='word_1_200' title='bbox 1202 2197 1363 2243; x_wconf 83' lang='lat' dir='ltr'>imitari</span> <span class='ocrx_word' id='word_1_201' title='bbox 1383 2196 1548 2261; x_wconf 87' lang='lat' dir='ltr'>possint</span> <span class='ocrx_word' id='word_1_202' title='bbox 1564 2193 1686 2252; x_wconf 84' lang='lat' dir='ltr'>mali,</span> 
     </span>
     <span class='ocr_line' id='line_1_28' title="bbox 319 2264 1689 2333; baseline -0.001 -20"><span class='ocrx_word' id='word_1_203' title='bbox 319 2283 421 2313; x_wconf 90' lang='lat' dir='ltr'>cum</span> <span class='ocrx_word' id='word_1_204' title='bbox 442 2266 487 2311; x_wconf 88' lang='lat' dir='ltr'>in</span> <span class='ocrx_word' id='word_1_205' title='bbox 511 2266 569 2312; x_wconf 86' lang='lat' dir='ltr'>eis</span> <span class='ocrx_word' id='word_1_206' title='bbox 588 2266 673 2313; x_wconf 89' lang='lat' dir='ltr'>hoc</span> <span class='ocrx_word' id='word_1_207' title='bbox 697 2268 846 2314; x_wconf 79' lang='lat' dir='ltr'>vident</span> <span class='ocrx_word' id='word_1_208' title='bbox 861 2286 970 2333; x_wconf 88' lang='lat' dir='ltr'>quos</span> <span class='ocrx_word' id='word_1_209' title='bbox 998 2280 1181 2333; x_wconf 87' lang='lat' dir='ltr'>propter</span> <span class='ocrx_word' id='word_1_210' title='bbox 1203 2268 1283 2314; x_wconf 84' lang='lat' dir='ltr'>alia</span> <span class='ocrx_word' id='word_1_211' title='bbox 1314 2277 1433 2314; x_wconf 83' lang='lat' dir='ltr'>tanta</span> <span class='ocrx_word' id='word_1_212' title='bbox 1453 2267 1572 2315; x_wconf 86' lang='lat' dir='ltr'>bona</span> <span class='ocrx_word' id='word_1_213' title='bbox 1608 2264 1689 2311; x_wconf 79' lang='lat' dir='ltr'>de·-</span> 
     </span>
     <span class='ocr_line' id='line_1_29' title="bbox 317 2334 1691 2394; baseline -0.001 -12"><span class='ocrx_word' id='word_1_214' title='bbox 317 2337 420 2383; x_wconf 90' lang='lat' dir='ltr'>bitis</span> <span class='ocrx_word' id='word_1_215' title='bbox 454 2336 605 2383; x_wconf 89' lang='lat' dir='ltr'>officiis</span> <span class='ocrx_word' id='word_1_216' title='bbox 639 2338 887 2385; x_wconf 78' lang='lat' dir='ltr'>christianae</span> <span class='ocrx_word' id='word_1_217' title='bbox 916 2338 1158 2385; x_wconf 82' lang='lat' dir='ltr'>dilectionis</span> <span class='ocrx_word' id='word_1_218' title='bbox 1180 2337 1464 2385; x_wconf 81' lang='lat' dir='ltr'>honoramus,</span> <span class='ocrx_word' id='word_1_219' title='bbox 1497 2335 1630 2394; x_wconf 88' lang='lat' dir='ltr'>Quod</span> <span class='ocrx_word' id='word_1_220' title='bbox 1656 2334 1691 2381; x_wconf 88' lang='lat' dir='ltr'>si</span> 
     </span>
     <span class='ocr_line' id='line_1_30' title="bbox 317 2408 1688 2474; baseline -0.001 -20"><span class='ocrx_word' id='word_1_221' title='bbox 317 2419 418 2472; x_wconf 87' lang='lat' dir='ltr'>post</span> <span class='ocrx_word' id='word_1_222' title='bbox 447 2408 564 2454; x_wconf 76' lang='lat' dir='ltr'>lianc</span> <span class='ocrx_word' id='word_1_223' title='bbox 584 2408 924 2456; x_wconf 86' lang='lat' dir='ltr'>admonitionem</span> <span class='ocrx_word' id='word_1_224' title='bbox 957 2409 1024 2455; x_wconf 85' lang='lat' dir='ltr'>vel</span> <span class='ocrx_word' id='word_1_225' title='bbox 1059 2411 1204 2474; x_wconf 84' lang='lat' dir='ltr'>potius</span> <span class='ocrx_word' id='word_1_226' title='bbox 1228 2408 1571 2458; x_wconf 82' lang='lat' dir='ltr'>obsecrationem</span> <span class='ocrx_word' id='word_1_227' title='bbox 1591 2423 1688 2452; x_wconf 93' lang='lat' dir='ltr'>nos-</span> 
     </span>
     <span class='ocr_line' id='line_1_31' title="bbox 320 2475 1692 2545; baseline 0.002 -21"><span class='ocrx_word' id='word_1_228' title='bbox 320 2490 431 2525; x_wconf 88' lang='lat' dir='ltr'>tram</span> <span class='ocrx_word' id='word_1_229' title='bbox 443 2478 489 2524; x_wconf 89' lang='lat' dir='ltr'>in</span> <span class='ocrx_word' id='word_1_230' title='bbox 512 2496 560 2525; x_wconf 92' lang='lat' dir='ltr'>eo</span> <span class='ocrx_word' id='word_1_231' title='bbox 578 2479 660 2526; x_wconf 85' lang='lat' dir='ltr'>sibi</span> <span class='ocrx_word' id='word_1_232' title='bbox 679 2480 1041 2545; x_wconf 86' lang='lat' dir='ltr'>perseverandum</span> <span class='ocrx_word' id='word_1_233' title='bbox 1060 2499 1146 2527; x_wconf 89' lang='lat' dir='ltr'>esse</span> <span class='ocrx_word' id='word_1_234' title='bbox 1159 2479 1424 2545; x_wconf 80' lang='lat' dir='ltr'>putaverint,</span> <span class='ocrx_word' id='word_1_235' title='bbox 1441 2477 1554 2525; x_wconf 87' lang='lat' dir='ltr'>nihil</span> <span class='ocrx_word' id='word_1_236' title='bbox 1572 2475 1692 2527; x_wconf 82' lang='lat' dir='ltr'>aliud</span> 
     </span>
     <span class='ocr_line' id='line_1_32' title="bbox 322 2547 1683 2613; baseline 0 -20"><span class='ocrx_word' id='word_1_237' title='bbox 322 2548 526 2595; x_wconf 86' lang='lat' dir='ltr'>faciemus</span> <span class='ocrx_word' id='word_1_238' title='bbox 548 2566 680 2613; x_wconf 85' lang='lat' dir='ltr'>quam</span> <span class='ocrx_word' id='word_1_239' title='bbox 705 2550 948 2598; x_wconf 86' lang='lat' dir='ltr'>dolebimus</span> <span class='ocrx_word' id='word_1_240' title='bbox 977 2563 1018 2598; x_wconf 91' lang='lat' dir='ltr'>et</span> <span class='ocrx_word' id='word_1_241' title='bbox 1055 2568 1285 2612; x_wconf 78' lang='lat' dir='ltr'>gememus.</span> <span class='ocrx_word' id='word_1_242' title='bbox 1338 2549 1433 2596; x_wconf 89' lang='lat' dir='ltr'>Hoc</span> <span class='ocrx_word' id='word_1_243' title='bbox 1458 2547 1655 2596; x_wconf 76' lang='lat' dir='ltr'>noverint</span> <span class='ocrx_word' id='word_1_244' title='bbox 1672 2583 1683 2603; x_wconf 88' lang='lat'><em>,</em></span> 
     </span>
    </p>
   </div>
   <div class='ocr_carea' id='block_1_3' title="bbox 373 2656 657 2699">
    <p class='ocr_par' dir='ltr' id='par_1_4' title="bbox 373 2656 657 2699">
     <span class='ocr_line' id='line_1_33' title="bbox 373 2656 657 2699; baseline 0.018 -13"><span class='ocrx_word' id='word_1_245' title='bbox 373 2656 382 2678; x_wconf 83' lang='lat'><em>¹</em></span> <span class='ocrx_word' id='word_1_246' title='bbox 409 2660 657 2699; x_wconf 60' lang='lat' dir='ltr'>1(10r.xv‚54.</span> 
     </span>
    </p>
   </div>
  </div>
 </body>
</html>
