1758 3246
339 302 430 347 -2130
742 317 776 347 s.
819 313 1060 348 Avensr‘m
1098 317 1295 349 rmscom

400 381 478 426 Xl.
513 379 603 425 Nec
620 379 725 443 ipsis
747 392 888 427 tamen
922 394 1152 446 peccatum
1189 395 1289 429 sunt
1323 383 1521 447 nuptiae',
1553 393 1651 447 q'u'ae
1671 382 1706 431 si

329 451 377 496 in
394 450 718 514 comparatione
728 451 1024 498 fornicationis
1037 453 1308 512 eligerentur,
1326 454 1466 498 minus
1477 464 1706 517 peccatum

331 532 469 567 essent
487 538 619 584 quam
637 521 884 578 fornicatio,
907 523 979 568 secl
998 534 1137 567 tamen
1150 533 1378 585 peccatum
1404 534 1554 570 essent.
1577 526 1706 569 Nunc

331 602 473 637 autem
493 590 601 654 quid
619 591 778 636 dicturi
799 609 946 637 sumus
964 592 1164 637 adversus
1182 593 1542 638 evidentissimam
1554 610 1705 639 vocem

332 662 528 724 Apostoli
555 661 736 706 dicentis
760 679 770 706 τ
799 661 971 718 «Quod
999 661 1120 716 vult,
1151 661 1313 715 saciat3
1342 679 1428 707 non
1457 673 1611 725 peccat
1633 699 1644 718 ,
1671 663 1707 708 si

330 753 351 773 »
376 732 516 777 nubat
529 731 562 776 ¹¹.
585 752 605 771 »
624 733 681 775 Et
704 768 714 785 ,
740 752 759 773 α
777 732 823 777 Si
847 732 1064 795 acceperis
1095 748 1266 776 uxorein
1284 769 1295 787 ,
1322 748 1409 777 non
1427 733 1642 795 peccasti3
1665 744 1707 778 et

325 823 346 844 »
373 802 406 847 si
429 800 622 863 nupserit
640 799 762 858 virgo
781 837 791 855 ‚
812 817 897 845 non
918 812 1116 863 peccat.»
1128 802 1244 846 Hinc
1269 813 1382 847 certe
1394 807 1486 862 jam
1505 803 1707 849 dubitare

322 871 386 917 fas
410 888 498 916 non
520 880 609 925 est,
630 870 805 932 nuptias
830 887 917 914 non
937 886 1023 914 esse
1042 880 1284 931 peccatum.
1317 872 1415 915 Non
1432 872 1578 933 itaque
1591 889 1706 935 nup·

324 942 403 987 tias
421 940 661 986 secundum
691 941 861 985 veniam
898 939 1099 985 concedit
1136 939 1400 1002 Apostolus2
1431 958 1441 985 :
1475 958 1576 986 nam
1604 942 1705 1005 quis

321 1012 515 1071 ambigat
537 1009 841 1056 absurdissime
855 1010 943 1056 dici
962 1047 972 1066 ‚
995 1027 1083 1055 non
1101 1027 1171 1055 eos
1187 1027 1388 1072 peccasse
1407 1010 1568 1073 quibus
1582 1011 1704 1057 venia

321 1082 479 1124 datur-‘9
502 1080 586 1125 Sed
605 1079 727 1125 illum
747 1080 1031 1125 concubitum
1046 1079 1286 1125 secundum
1300 1080 1467 1126 veniam
1484 1080 1700 1136 concedit,

321 1150 398 1212 qui
424 1150 474 1194 stt
493 1165 571 1212 per
595 1149 953 1194 incontinentiam
976 1186 986 1205 ‚
1020 1167 1108 1194 non
1138 1150 1225 1194 sola
1249 1167 1377 1195 causa
1411 1150 1669 1212 procreandi
1689 1188 1699 1207 ,

318 1231 362 1266 et
387 1217 623 1280 aliquando
650 1217 770 1263 nulla
794 1235 922 1264 causa
942 1219 1203 1281 procreandi
1226 1239 1236 1273 3
1267 1236 1395 1282 quem
1418 1219 1585 1282 nuptiae
1616 1237 1704 1265 non

319 1289 413 1335 fieri
439 1297 602 1347 cogunt
623 1324 634 1338 ,
661 1287 734 1331 sed
754 1288 916 1345 ignosci
940 1289 1178 1348 impetrant
1202 1306 1212 1332 ε
1237 1289 1269 1333 si
1291 1299 1436 1333 tamen
1453 1306 1541 1333 non
1571 1288 1630 1333 ita
1649 1289 1704 1333 sit

318 1360 478 1405 nimius
497 1396 507 1413 ‚
542 1369 590 1403 ut
612 1356 827 1419 impediat
850 1373 949 1418 quie
980 1357 1162 1418 seposita
1199 1374 1284 1401 csse
1321 1357 1482 1402 debent
1509 1368 1703 1420 tempora

317 1429 501 1485 orandi,
536 1445 615 1473 nec
637 1427 893 1471 immutetur
916 1426 961 1470 in
993 1443 1091 1470 euni
1120 1443 1243 1472 usum
1269 1427 1344 1490 qui
1368 1437 1430 1472 est
1452 1438 1602 1472 contra
1625 1445 1699 1473 na-

317 1511 460 1544 turam
482 1535 492 1552 ,
522 1497 575 1542 de
596 1514 685 1560 quo
716 1496 949 1558 Apostolus
966 1506 1104 1540 tacere
1123 1514 1209 1541 non
1228 1497 1372 1559 potuit
1386 1534 1396 1552 ,
1416 1513 1517 1541 cum
1536 1497 1589 1542 de
1606 1514 1699 1543 cor-

316 1568 499 1632 ruptelis
525 1567 670 1612 nimiis
698 1565 1025 1610 immundorum
1056 1576 1096 1609 et
1125 1566 1359 1628 impiorum
1379 1566 1608 1611 hominum
1629 1566 1699 1611 lo-

320 1650 539 1704 queretur.
567 1635 841 1682 Concubitus
859 1635 970 1680 enim
992 1636 1252 1681 necessarius
1277 1653 1404 1681 causa
1430 1636 1658 1696 generandi
1685 1673 1695 1693 ,

313 1707 599 1772 inculpabilis
630 1718 672 1751 et
711 1706 825 1751 solus
852 1706 943 1768 ipse
967 1706 1177 1768 nuptialis
1212 1717 1290 1752 est.
1339 1705 1417 1751 Ille
1452 1717 1596 1751 autem
1623 1706 1699 1769 qui

317 1781 434 1826 ultra
468 1781 595 1824 istam
620 1777 914 1822 necessitatem
948 1776 1249 1839 progreditur,
1269 1779 1361 1836 jam
1392 1794 1480 1822 non
1505 1777 1662 1822 rationi
1683 1814 1695 1833 ‚

318 1853 393 1898 sed
418 1850 593 1897 libidini
617 1849 888 1913 obsequitur.
921 1849 976 1893 Et
993 1849 1113 1894 hune
1136 1859 1280 1894 tamen
1299 1866 1386 1893 non
1410 1849 1570 1909 exigere
1588 1886 1599 1905 ‚
1627 1849 1699 1894 sed
1756 1875 1758 1891 ι

318 1922 497 1969 reddere
537 1919 735 1979 conjugi,
774 1936 827 1964 ne
865 1918 1123 1965 fornicando
1167 1919 1476 1964 damnabiliter
1518 1930 1695 1983 peccet,

319 1994 375 2039 ad
397 2008 625 2056 personam
650 1990 838 2053 pertinet
859 1989 1146 2048 conjugalem.
1203 1989 1248 2034 Si
1291 2000 1431 2035 autem
1467 1989 1596 2034 ambo
1622 1989 1699 2035 tali
1756 1984 1758 1997 '

316 2061 691 2124 concupiscentiae
715 2060 995 2119 subiguntur,
1022 2077 1110 2104 rem
1133 2059 1301 2105 faciunt
1322 2076 1407 2104 non
1426 2058 1555 2122 plane
1577 2076 1700 2124 nup·

318 2134 492 2178 tiarum.
514 2131 823 2174 Verumtamen
837 2129 871 2174 si
889 2129 1081 2188 magisin
1102 2146 1177 2174 sua
1189 2130 1495 2189 conjunctione
1513 2129 1701 2189 diligunt
1751 2139 1755 2186 ζ

315 2201 441 2267 quod
455 2200 705 2255 honestum,
725 2215 858 2261 quam
879 2198 999 2261 quod
1015 2198 1295 2244 inhonestum
1313 2210 1392 2255 est,
1413 2198 1458 2244 id
1473 2209 1534 2244 est
1548 2236 1559 2255 ,
1578 2199 1699 2263 quod

318 2283 382 2318 est
418 2270 673 2333 nuptiarum
701 2305 712 2324 ,
767 2285 898 2331 quam
938 2267 984 2313 id
1021 2267 1140 2331 quod
1183 2286 1269 2314 non
1314 2280 1376 2315 est
1407 2269 1660 2333 nuptiarum
1683 2306 1694 2326 ‚

317 2343 406 2389 hoc
449 2341 508 2386 eis
549 2349 723 2384 auctore
765 2337 973 2400 Apostolo
1012 2337 1251 2383 secundum
1284 2339 1452 2385 veniam
1492 2338 1699 2384 concedi-
1747 2366 1758 2396 A·

316 2426 388 2459 tur
412 2431 424 2458 :
458 2414 580 2470 qu'us
608 2408 756 2455 delicti
781 2425 869 2454 non
899 2408 1067 2454 habent
1096 2408 1351 2455 hortatrices
1380 2410 1556 2469 nuptias
1573 2443 1585 2462 ‚
1625 2407 1697 2453 sed

318 2481 661 2545 deprecatrices,
690 2478 725 2524 si
754 2478 834 2523 Dei
856 2477 1196 2524 misericordiam
1221 2495 1309 2523 non
1337 2495 1360 2520 a
1392 2492 1434 2520 se
1465 2486 1658 2522 avertant
1677 2514 1689 2533 ,
1745 2468 1749 2519 ἷ

313 2552 383 2599 vel
400 2568 489 2597 non
509 2547 765 2594 abstinendo
789 2547 1055 2610 quibusdam
1072 2546 1226 2595 diebus
1254 2555 1303 2593 ut
1325 2543 1594 2598 orationibus
1618 2562 1691 2597 va·
1744 2581 1758 2602 ι,

360 2634 372 2655 ¹
393 2645 406 2664 1
426 2634 500 2665 Cor.
521 2641 584 2674 vu,
607 2631 661 2664 36.
678 2647 720 2654 —
735 2627 859 2664 ²Rom.
876 2640 902 2674 ι,
927 2632 984 2662 26.
