1758 3246
327 288 418 334 558
743 304 775 333 s.
823 304 1062 334 Areusriar
1103 304 1302 334 nriscom

322 368 631 432 cupationibus
648 379 819 424 vacant,
847 369 1122 432 (quanquam
1141 369 1198 414 eis
1218 380 1305 415 tam
1332 386 1536 429 magnum
1557 371 1691 416 animi

320 439 382 484 sui
405 438 716 484 documentum
743 440 1035 493 afferentibus,
1063 450 1104 484 et
1127 440 1317 499 ejusdem
1341 441 1552 485 societatis
1573 441 1694 486 mdi—

321 509 473 569 gentiae
491 509 544 555 de
564 509 632 555 his
648 510 776 555 rebus
790 527 896 573 quas
916 510 1156 566 habebant,
1179 510 1246 557 vel
1263 511 1501 574 plurimum
1520 512 1587 557 vel
1609 529 1692 558 non

320 597 476 643 parum
500 579 838 636 conferentibus,
853 581 991 625 vicem
1018 581 1308 626 sustentandae
1331 582 1432 627 vitae
1456 598 1602 627 eorum
1632 599 1695 627 res

318 651 411 713 ipsa
435 651 677 696 communis
700 661 742 695 et
763 649 949 696 fraterna
974 650 1164 695 charitas
1190 650 1371 705 debeat3
1391 651 1406 713 )
1433 662 1576 696 tamen
1600 652 1632 696 si
1655 662 1696 696 et

320 722 404 784 ipsi
424 721 624 767 manibus
646 731 899 784 operentur,
928 731 975 766 ut
994 721 1126 783 pigris
1146 739 1193 766 ex
1212 722 1301 766 vita
1320 721 1552 767 humiliore
1572 732 1613 767 et
1637 723 1694 767 ob

323 791 410 837 hoc
449 791 741 836 exercitatiore
789 791 1060 836 venientibus
1107 790 1300 837 auferant
1342 793 1654 837 excusationem
1681 829 1692 847 ,

323 861 460 907 multo
484 860 802 907 misericordius
831 871 983 920 agunt,
1022 878 1152 923 quam
1178 878 1277 906 cum
1310 862 1452 906 omnia
1477 879 1550 907 sua
1575 862 1696 908 indi-

323 932 523 991 gentibus
543 931 795 977 diviserunt.
829 930 959 986 Quod
982 930 1157 994 quidem
1179 931 1213 976 si
1239 931 1394 986 nolint,
1421 931 1517 994 quis
1541 931 1696 977 audeat

325 1005 507 1062 cogere?
535 1001 708 1058 Quibus
731 1012 870 1046 tamen
900 1000 1156 1046 invenienda
1182 1012 1282 1046 sunt
1307 1018 1437 1064 opera
1456 1002 1500 1046 in
1520 1018 1695 1046 monas—

324 1072 448 1128 terio,
471 1072 633 1118 etiamsi
656 1089 677 1116 a
698 1071 911 1134 corporali
931 1070 1154 1117 functione
1172 1071 1391 1127 liberiora,
1410 1071 1481 1116 sed
1499 1072 1693 1131 vigilanti

325 1141 692 1187 administratione
716 1140 929 1195 curanda,
959 1151 1006 1185 ut
1031 1158 1108 1186 nec
1133 1140 1217 1203 ipsi
1240 1157 1393 1203 panem
1414 1158 1558 1190 suum.
1580 1154 1695 1204 quo-

323 1213 441 1258 niam
471 1212 712 1257 communis
731 1215 821 1270 jam
849 1210 989 1255 factus
1015 1221 1102 1263 est,
1134 1212 1264 1270 gratis
1290 1211 1568 1257 manducent.
1608 1211 1695 1255 Nec

326 1281 635 1328 attendendum
662 1292 723 1327 cst
743 1282 787 1326 in
817 1281 976 1344 quibus
996 1282 1281 1328 monasteriis.
1312 1281 1376 1326 vel
1398 1282 1442 1326 in
1466 1299 1554 1345 quo
1578 1281 1691 1333 loco,

324 1353 620 1414 indigentibus
652 1352 858 1397 fratribus
885 1352 1066 1414 quisque
1088 1351 1132 1396 id
1156 1351 1275 1414 quod
1305 1352 1499 1397 habebat
1528 1352 1696 1414 impen-

325 1424 448 1470 derit.
478 1423 688 1469 Omnium
715 1422 829 1466 enim
857 1421 1208 1466 Christianorum
1233 1439 1319 1466 una
1343 1421 1591 1484 respublica
1615 1432 1688 1468 est.

326 1495 382 1539 Et
403 1493 500 1539 ideo
520 1491 714 1555 quisquis
740 1491 998 1535 Christianis
1021 1492 1254 1536 necessaria
1279 1491 1465 1537 ubilibet
1489 1509 1694 1551 erogave-

322 1565 396 1620 rit,
439 1563 707 1625 ubicumque
741 1562 869 1607 etiam
906 1562 997 1624 ipse
1034 1562 1153 1625 quod
1190 1563 1271 1608 sibi
1312 1563 1594 1608 necessarium
1635 1573 1695 1608 est
1757 1563 1758 1613 i

326 1634 504 1698 accipit,
525 1632 578 1678 de
599 1631 790 1678 Christi1
816 1632 992 1696 accipit.
1022 1633 1138 1688 Quia
1159 1633 1428 1695 ubicumque
1451 1643 1493 1677 et
1514 1633 1603 1696 ipse
1626 1643 1696 1677 ta-

321 1705 437 1751 libus
464 1703 607 1760 dedit,
636 1703 733 1767 quis
761 1703 842 1748 nisi
875 1703 1076 1748 Christus
1109 1704 1310 1766 accepit?
1348 1703 1417 1748 llli
1450 1714 1592 1749 autem
1618 1704 1696 1767 qui

324 1777 453 1823 etiam
477 1785 635 1838 praeter
655 1774 780 1820 istam
801 1784 991 1819 sanctam
1013 1774 1257 1820 societatem
1279 1774 1412 1819 vitam
1433 1773 1583 1819 labore
1601 1791 1695 1819 cor-

325 1848 443 1912 poris
462 1845 774 1905 transigebant,
803 1862 851 1890 ex
873 1862 1059 1908 quorum
1081 1862 1262 1891 numero
1286 1844 1431 1908 plures
1449 1845 1503 1890 ad
1528 1861 1695 1890 monas-

328 1918 433 1965 teria
455 1917 646 1972 veniunt,¹
676 1916 777 1978 quia
796 1925 836 1960 et
853 1916 897 1960 in
918 1916 1011 1978 ipso
1028 1915 1221 1960 humano
1240 1932 1388 1974 genere
1402 1914 1545 1977 plures
1565 1924 1692 1968 sunt3

327 1990 360 2036 si
377 1988 532 2035 nolunt
551 1987 735 2050 operari,
753 2003 832 2031 nec
852 1985 1130 2032 manducent.
1159 1987 1309 2048 Neque
1333 1986 1447 2031 enirn
1465 1996 1694 2049 propterea

329 2061 374 2106 in
401 2058 556 2104 militia
579 2057 814 2103 christiana
840 2056 892 2102 ad
917 2056 1117 2120 pietatem
1139 2056 1290 2102 divites
1312 2056 1618 2112 humiliantur,
1647 2066 1696 2101 ut

326 2146 535 2195 pauperes
555 2128 610 2174 ad
630 2127 877 2191 superbiam
901 2126 1170 2173 extollantur.
1197 2127 1327 2172 Nullo
1348 2126 1478 2173 modo
1495 2126 1607 2171 enim
1624 2126 1696 2171 de-

330 2212 413 2253 cet,
442 2210 489 2244 ut
511 2199 555 2243 in
581 2215 629 2243 ea
653 2199 741 2243 xita
769 2197 847 2243 ubi
871 2199 982 2243 fiunt
1014 2208 1224 2244 senatores
1250 2197 1472 2253 laboriosi,
1501 2197 1565 2242 ibi
1587 2198 1694 2243 fiant

329 2271 505 2335 opifices
530 2268 683 2321 otiosi3
716 2278 757 2312 et
788 2284 876 2331 quo
906 2269 1088 2312 veniunt
1119 2267 1276 2313 relictis
1309 2267 1472 2313 deliciis
1501 2267 1585 2312 suis
1617 2267 1693 2330 qui

326 2342 499 2388 fuerant
516 2337 782 2402 praediorum
803 2337 986 2391 domini,
1007 2338 1071 2383 ibi
1088 2338 1173 2383 sint
1190 2339 1339 2384 rustici
1357 2338 1543 2384 delicati.

388 2409 592 2457 XXXIV.
635 2409 691 2454 At
713 2409 824 2453 enim
856 2408 1065 2453 Dominus
1089 2408 1148 2453 ait
1172 2425 1183 2454 :
1205 2429 1224 2449 α
1246 2408 1387 2454 Nolite
1409 2407 1579 2453 solliciti
1609 2424 1695 2452 esse

327 2506 348 2527 »
374 2482 530 2528 animae
560 2478 668 2543 quid
699 2478 985 2534 manducetis,
1023 2495 1161 2541 neque
1196 2478 1371 2542 corpori
1403 2477 1509 2542 quid
1535 2477 1693 2524 vestia-

327 2576 349 2599 »
372 2551 493 2599 mini.
522 2572 542 2592 ›>
561 2551 712 2607 Recte,
739 2549 945 2614 quoniam
970 2566 1100 2613 supra
1128 2548 1289 2596 dixerat
1313 2567 1324 2596 ε
1348 2570 1369 2592 κ
1393 2551 1489 2596 ΜΠ
1519 2549 1694 2613 potestis

372 2639 383 2663 ι
399 2635 526 2678 Supple‚
549 2633 657 2668 rebus.
