1758 3246
3 0 28 127 l

20 129 25 184 i

19 194 22 248 ἑ

16 318 20 374 j
359 316 414 351 im
450 316 548 352 ΗΒΕ
586 315 637 351 'Er
673 316 899 362 sYMnoto,
942 319 1026 354 tm.
1070 320 1099 355 1.
1371 326 1429 376 μην.

0 376 18 450 ij
63 376 173 431 dinis
206 382 351 430 locum
373 385 502 431 etiam
524 384 650 431 nobis
672 384 872 449 promisit
894 385 1067 432 dicens:
1107 409 1126 429 c<
1146 389 1287 436 Erunt
1322 390 1435 438 sicut

0 454 17 498 ιὲ
62 474 84 496 >>
108 453 259 514 Angeli
273 453 318 498 in
335 453 456 500 coelis
470 454 506 511 1,
529 476 549 497 »
566 458 611 500 in
630 453 703 500 illa
714 455 888 501 civitate
902 473 1000 518 quae
1010 467 1071 502 cst
1090 468 1226 504 mater
1240 462 1432 509 omnium

59 534 253 569 nostrum
274 523 509 569 Jerusalem
532 534 691 570 aeterna
717 524 763 570 in
786 523 908 569 coelis
933 525 966 571 2.
1000 525 1118 571 Solet
1143 537 1286 573 autem
1309 547 1433 592 quos-

0 612 13 639 η
60 592 161 639 dam
184 592 396 638 offendere
431 594 499 640 Vel
536 594 694 657 impios
722 593 897 653 gentiles
930 595 998 641 vel
1035 595 1288 654 haereticos,
1316 601 1434 662 quod

60 663 284 709 credamus
307 675 576 728 assumptum
606 676 818 712 terrenum
848 682 1007 728 corpus
1042 666 1087 711 in
1119 667 1295 715 coelum.
1348 669 1432 715 Sed

0 742 12 793 ᾁ
58 733 232 793 gentiles
253 735 508 798 plerumque
523 735 898 798 Philosophorum
918 738 1178 796 argumentis
1199 739 1430 786 nobiscum

5 803 9 863 ji
59 821 180 863 agere
218 804 390 850 student
411 842 422 861 ,
453 815 502 850 ut
528 804 678 851 dicant
711 816 926 851 terrenum
955 806 1121 870 aliquid
1143 808 1187 853 in
1211 807 1324 854 coelo
1348 827 1433 856 csse

0 887 7 941 ᾗ
57 889 145 918 non
157 891 293 935 posse.
327 876 502 919 Nostras
526 874 640 919 enim
665 875 912 937 Scripturas
935 893 1024 921 non
1048 888 1265 924 noverunt
1290 877 1326 935 3,
1354 897 1434 924 nec

1 954 6 1010 ξ
57 943 200 992 sciunt
213 945 429 1010 quomodo
453 945 619 990 dictum
637 946 691 991 sit
709 963 719 989 ε
739 966 760 986 «
778 945 1025 993 Seminatur
1048 964 1208 1011 corpus
1226 948 1427 1006 animale,

0 1030 5 1079 J
58 1037 80 1059 ›>
99 1017 232 1076 surgit
256 1033 415 1078 corpus
440 1015 663 1077 spirituale
682 1014 713 1061 4.
744 1036 764 1056 >>
785 1016 884 1061 Non
909 1017 1022 1062 enim
1054 1017 1115 1063 ita
1153 1018 1318 1064 dictum
1345 1030 1429 1075 est,

57 1086 181 1149 quasi
204 1102 362 1147 corpus
384 1085 636 1130 vertaturin
659 1085 862 1147 spiritum
879 1123 889 1141 ,
911 1097 953 1131 et
975 1087 1151 1149 spiritus
1192 1088 1268 1132 fiat
1287 1105 1297 1132 :
1331 1089 1433 1151 quia

0 1159 3 1171 ²
56 1167 97 1202 et
111 1173 227 1202 nunc
240 1172 398 1217 corpus
418 1165 610 1200 nostrum
630 1155 748 1217 quod
768 1155 952 1200 animale
963 1155 1141 1211 dicitur,
1159 1174 1246 1201 non
1264 1158 1310 1201 in
1328 1158 1425 1202 ani-

0 1239 1 1260 *
55 1243 171 1272 mam
187 1242 356 1271 versum
380 1235 502 1269 estet
524 1225 666 1269 anima
694 1224 873 1269 factum.
921 1224 1005 1269 Sed
1041 1225 1234 1287 spiritale
1272 1243 1432 1290 corpus

56 1294 331 1354 intelligitur,
351 1293 470 1357 quod
484 1293 544 1339 ita
567 1293 741 1356 spiritui
762 1293 988 1339 subditum
1009 1304 1088 1349 est,
1103 1305 1152 1339 ut
1166 1295 1334 1340 coelesti
1353 1296 1430 1341 lia-

56 1365 258 1410 bitatioui
282 1364 527 1420 conveniat,
555 1363 672 1409 omni
707 1363 938 1423 fragilitate
975 1380 1025 1408 ac
1063 1363 1162 1409 labe
1186 1374 1353 1410 terrena
1386 1365 1430 1412 in

56 1435 272 1481 coelestem
286 1435 521 1498 puritatem
536 1445 578 1479 et
592 1433 869 1479 stabilitatem
884 1444 1050 1479 mutata
1065 1445 1195 1497 atque
1205 1451 1423 1482 conversa.

55 1505 164 1550 Haec
180 1516 241 1550 est
259 1505 523 1560 immutatio,
552 1504 605 1549 de
629 1520 715 1566 qua
733 1503 835 1548 item
860 1503 968 1549 dicit
989 1503 1243 1567 Apostolus:
1276 1526 1296 1546 α
1317 1505 1431 1550 Om—

54 1597 76 1618 »
93 1592 167 1620 nes
182 1591 448 1634 resurgemus
462 1610 472 1630 ‚
493 1574 566 1619 sed
584 1590 671 1618 non
686 1590 832 1618 omnes
848 1572 1223 1620 immutabimur5.
1246 1595 1265 1615 >)
1286 1575 1430 1631 Quam

54 1645 401 1690 immutationem
423 1643 574 1689 nonin
600 1643 786 1688 deterius
803 1680 813 1699 ‚
843 1643 916 1688 scd
943 1643 989 1688 in
1015 1642 1167 1688 melius
1186 1643 1283 1688 fieri
1306 1643 1433 1689 docet

55 1714 195 1771 idem,
224 1732 325 1761 cum
349 1714 458 1760 dicit
479 1732 489 1758 ε
515 1736 535 1756 «
559 1714 614 1758 Et
637 1731 713 1758 nos
738 1713 1086 1759 immutabimur.
1116 1734 1136 1754 υ
1179 1713 1263 1758 Sed
1285 1713 1362 1759 ubi
1393 1723 1435 1759 ct

56 1786 274 1850 quomodo
307 1785 361 1830 sit
383 1785 427 1830 in
447 1784 560 1830 coelo
586 1801 744 1847 corpus
762 1783 1043 1829 Dominicum
1058 1820 1069 1839 ‚
1096 1783 1433 1829 curiosissimum

54 1868 96 1903 et
113 1873 482 1921 supervacaneum
505 1866 568 1901 est
581 1872 803 1918 quaerere3
825 1853 1130 1915 tantummodo
1153 1854 1198 1898 iu
1232 1853 1437 1899 coeloesse

62 1927 324 1973 credendum
340 1937 415 1972 est.
442 1927 540 1971 Non
564 1925 679 1970 enim
704 1935 766 1969 est
785 1923 1030 1983 fragilitatis
1041 1934 1200 1968 nostrae
1220 1923 1433 1969 coelorum

55 2008 214 2043 secreta
231 1996 442 2042 discutere
457 2033 468 2051 ,
490 1995 564 2040 sed
587 2005 649 2040 est
666 2005 823 2039 nostrae
841 1993 944 2039 fidei
967 1993 1019 2038 dc
1038 1993 1260 2040 Dominici
1273 2011 1434 2057 corpo-

55 2066 112 2112 ris
137 2066 346 2126 dignitate
368 2065 570 2110 sublimia
589 2076 631 2110 et
661 2065 842 2110 honesta
871 2064 1039 2109 sentire.

118 2136 236 2182 XIV.
271 2135 498 2180 Credimus
522 2135 651 2180 etiam
669 2171 679 2190 ‚
709 2135 828 2196 quod
853 2134 970 2180 sedet
1002 2134 1057 2179 ad
1094 2132 1310 2180 dexteram
1338 2134 1428 2180 Pa-

55 2206 144 2252 tris.
167 2205 256 2250 Nec
276 2205 373 2250 ideo
387 2215 528 2249 tamen
543 2204 666 2267 quasi
687 2204 879 2248 humana
893 2204 1032 2248 forma
1052 2204 1432 2268 circumscriptum

55 2293 141 2321 esse
171 2277 306 2320 Deum
323 2276 497 2320 Patrem
518 2274 823 2319 arbitrandum
848 2284 934 2329 est,
958 2284 1006 2318 ut
1031 2273 1084 2319 de
1101 2273 1175 2319 illo
1199 2275 1434 2335 cogitanti-

54 2345 138 2391 bus
157 2345 354 2391 dextrum
383 2354 457 2390 aut
478 2344 696 2389 sinistrum
716 2343 829 2389 latus
857 2344 1000 2389 animo
1035 2354 1263 2398 occurrat3
1291 2355 1364 2389 aut
1385 2343 1431 2388 id

55 2417 199 2480 ipsum
221 2415 339 2480 quod
367 2415 509 2461 sedere
541 2417 669 2460 Pater
687 2415 865 2470 dicitur,
905 2415 1020 2460 flexis
1057 2415 1304 2478 poplitibus
1340 2414 1432 2459 fieri

55 2487 303 2551 putandum
319 2497 406 2543 est,
432 2504 485 2532 nc
504 2486 550 2532 in
572 2485 682 2531 illud
700 2485 946 2532 incidamus
969 2485 1258 2545 sacrilegium,
1280 2485 1323 2528 in
1344 2501 1430 2547 quo

0 519 15 599 'ml-'¹-

103 2579 114 2601 ¹
134 2578 248 2612 Matth*
270 2589 353 2619 xxti,
377 2589 426 2611 xo.
450 2594 492 2602 —-—
514 2576 529 2602 2
551 2577 653 2611 Galat.
682 2589 730 2618 ιν,
751 2573 891 2611 26.-3
912 2589 926 2609 1
946 2579 1021 2610 Cor.
1040 2588 1091 2616 xv,
1112 2582 1165 2613 44.
1186 2593 1229 2600 -—·
1252 2573 1265 2598 ⁴
1282 2574 1365 2610 ibid.
1384 2593 1427 2600 —

57 2634 71 2659 5
87 2634 168 2669 lbid.
191 2636 244 2667 51.
