1758 3246
304 294 396 350 456
717 308 750 338 s.
795 308 1036 338 Aters‘sffii
1074 309 1270 341 EPISCOPt

301 371 615 427 consideretur,
640 389 726 417 non
751 374 990 437 accipiatur
1005 373 1180 421 fortasse
1208 378 1325 423 aliud
1349 394 1480 440 quam
1501 394 1547 424 os
1566 395 1667 426 cor-

300 440 380 486 dis.
427 441 678 486 Obscurum
716 442 830 487 enim
853 461 1105 507 responsum
1135 446 1198 491 ibi
1229 459 1319 504 est,
1359 448 1437 492 ubi
1472 449 1669 496 homines

299 511 429 566 latet,
455 511 530 573 qui
563 528 607 556 os
641 512 809 569 cordis,
836 514 917 558 nisi
955 531 999 558 os
1035 517 1228 578 corporis
1258 529 1490 573 consonet,
1520 519 1668 565 audire

299 596 388 624 non
424 591 619 642 possunt.
658 581 772 626 Illud
797 594 938 627 autem
967 600 1012 628 os
1038 583 1144 628 dicit
1166 586 1212 629 in
1241 602 1289 630 eo
1321 586 1417 632 loco
1440 587 1667 650 Scriptura

298 649 520 712 pervenire
544 650 599 694 ad
622 649 817 695 auditum
839 652 1026 714 Spiritus
1051 654 1229 699 Domini
1248 692 1258 709 ,
1288 657 1362 718 qui
1388 656 1569 719 replevit
1594 674 1669 702 or-

299 719 401 763 bem
435 729 644 763 terrarum
669 737 679 763 2
704 720 763 764 ita
798 731 846 765 ut
874 722 1002 766 etiam
1026 723 1141 767 labia
1177 735 1218 768 et
1240 741 1389 770 vocem
1414 737 1456 770 et
1478 726 1670 785 linguam

302 798 610 833 commemoret
632 789 678 832 in
699 805 748 834 eo
774 790 895 843 loco;
918 808 995 836 nec
1020 803 1162 837 tamen
1190 795 1332 839 onmia
1354 796 1465 840 sinat
1481 795 1671 841 intellec-

302 868 370 901 tus
400 857 481 901 nisi
504 857 557 902 de
576 858 706 902 corde
728 860 865 923 accipi
886 897 895 915 ,
924 861 1025 922 quia
1048 863 1284 908 Dominum
1304 864 1411 909 dicit
1429 881 1516 909 non
1540 865 1671 911 latere

299 926 419 989 quod
453 926 614 972 dicitur
647 946 656 971 :
693 929 812 990 quod
844 941 988 975 autem
1022 948 1126 976 sono
1163 933 1242 978 isto
1275 933 1328 978 ad
1356 951 1476 978 aures
1505 945 1672 980 nostras

294 998 536 1060 pertinente
559 998 742 1054 dicitur,
773 1017 851 1044 nec
875 1001 1071 1047 homines
1096 1003 1212 1050 latet.
1246 1006 1311 1049 lta
1335 1004 1501 1067 quippe
1526 1005 1670 1068 scrip-

297 1079 391 1112 tum
417 1080 477 1113 est
499 1087 509 1113 t
540 1092 559 1111 «
583 1070 813 1115 Humanus
833 1082 893 1116 cst
912 1072 1027 1117 enim
1049 1073 1237 1136 Spiritus
1258 1075 1481 1137 sapientia-3
1498 1112 1507 1130 ,
1527 1087 1567 1121 et
1583 1092 1673 1121 non

298 1164 319 1184 »
338 1141 545 1187 liberabit
564 1141 823 1187 maledicum
851 1161 873 1186 a
894 1142 1019 1187 labiis
1044 1147 1133 1202 ejus
1158 1162 1167 1188 :
1197 1144 1406 1206 quoniam
1430 1161 1583 1189 renum
1615 1144 1664 1190 il-

295 1235 317 1256 »
335 1211 418 1256 lius
448 1214 560 1258 testis
585 1223 645 1257 est
673 1214 787 1257 Deus
805 1250 815 1267 ‚
847 1224 888 1257 et
907 1212 1050 1257 cordis
1075 1213 1189 1258 illius
1214 1224 1429 1259 scrutator
1444 1224 1506 1258 est
1525 1231 1668 1269 verus,

298 1307 320 1328 ³>
338 1299 379 1333 et
401 1288 560 1348 linguae
578 1287 692 1332 illius
717 1285 903 1330 auditor.
939 1284 1156 1340 Quoniam
1188 1283 1376 1345 Spiritus
1407 1285 1583 1330 Domini
1601 1302 1673 1330 re-

297 1380 319 1402 »
336 1361 473 1424 plevit
496 1360 648 1405 orbem
670 1368 880 1401 terrarum
898 1392 908 1411 ,
947 1365 987 1399 et
1011 1355 1099 1399 hoc
1122 1353 1241 1416 quod
1271 1355 1464 1399 continet
1498 1356 1642 1402 omnia
1658 1393 1669 1413 ‚

298 1452 320 1471 ³>
340 1430 561 1475 scientiam
583 1427 719 1472 habet
748 1425 880 1471 vocis.
924 1425 1110 1486 Propter
1137 1423 1223 1467 hoc
1256 1422 1333 1485 qui
1366 1422 1561 1486 loquitur
1585 1424 1672 1470 ini-

297 1522 319 1542 »
337 1519 422 1563 qua
437 1538 448 1548 .
475 1517 564 1545 non
592 1508 733 1561 potest
758 1497 888 1541 latere
906 1532 916 1550 ‚
946 1494 1018 1539 sed
1048 1511 1126 1538 nec
1151 1493 1369 1556 praeteriet
1385 1493 1511 1539 illum
1532 1497 1673 1542 corri-

298 1592 319 1612 »
340 1571 461 1633 piens
477 1568 710 1628 judicium.
740 1568 793 1610 In
827 1564 1164 1624 cogitationibus
1192 1563 1306 1608 enim
1337 1563 1465 1626 impii
1485 1564 1672 1611 interro—

298 1660 319 1682 »
339 1640 451 1699 gatio
490 1639 593 1691 e1·it;
637 1652 883 1682 sermonum
919 1644 1064 1679 autem
1097 1633 1219 1697 illius
1239 1632 1404 1678 auditio
1431 1651 1453 1678 a
1486 1634 1673 1681 Domino

297 1731 318 1752 „
338 1710 505 1765 reniet,
543 1708 598 1753 ad
624 1706 940 1769 correptionem
973 1703 1255 1766 iniquitatum
1289 1701 1418 1748 illius.
1453 1702 1671 1758 Quoniam

299 1780 455 1825 »auris
487 1778 566 1824 zeli
603 1777 724 1823 audit
756 1775 900 1821 onmia
920 1811 931 1830 ‚
962 1784 1003 1818 et
1036 1773 1250 1818 tumultus
1278 1773 1673 1819 murmurationum

297 1872 317 1892 >³
335 1868 423 1896 non
448 1848 753 1895 abscondetur.
782 1844 1007 1890 Custodite
1027 1861 1126 1903 ergo
1147 1860 1222 1888 Vos
1250 1860 1272 1888 a
1303 1844 1669 1901 murmuratione,

298 1943 318 1962 »
337 1937 436 1985 quae
463 1918 575 1964 nihil
611 1917 816 1982 prodest,
850 1927 891 1960 et
920 1934 943 1961 a
970 1914 1237 1961 detractione
1270 1913 1431 1973 linguae
1464 1914 1631 1977 parcite
1659 1933 1671 1960 :

298 2012 320 2033 >³
340 1990 546 2053 quoniam
563 2004 817 2051 responsum
838 1987 1075 2031 obscurum
1102 1985 1147 2029 in
1160 2000 1349 2029 vacuum
1372 2001 1465 2029 non
1481 1983 1577 2030 ibit.
1613 1985 1675 2031 Os

298 2081 320 2103 >³
342 2071 484 2105 autem
509 2058 627 2122 quod
655 2058 859 2102 mentitur
883 2055 1045 2101 occidit
1070 2052 1303 2099 animam1.
1329 2074 1349 2094 ›>
1373 2053 1557 2099 Videtur
1573 2071 1673 2114 ergo

291 2130 364 2176 his
378 2128 533 2174 minari
549 2164 560 2181 ,
585 2128 661 2190 qui
681 2128 917 2172 obscurum
941 2136 1100 2189 putant
1132 2135 1174 2168 et
1206 2133 1418 2169 secretum
1436 2140 1522 2169 csse
1551 2125 1673 2187 quod

294 2198 423 2245 corde
445 2198 607 2257 agitant
627 2207 755 2259 atque
773 2206 958 2242 versant,
990 2197 1098 2240 Tam
1127 2211 1229 2240 vero
1249 2193 1417 2238 clarum
1451 2194 1672 2240 ostendere

290 2269 429 2315 voluit
469 2268 556 2313 hoc
583 2284 667 2312 esse
698 2267 876 2312 auribus
909 2267 1014 2322 Dei,
1066 2277 1115 2311 ut
1140 2264 1269 2309 etiam
1301 2262 1540 2309 tumultum
1571 2281 1671 2310 eum

297 2338 592 2403 appellaverit.
1488 2405 1497 2411 .

356 2408 544 2454 XXXII.
586 2406 811 2452 B‘Ianifeste
851 2406 976 2451 etiam
1012 2406 1057 2450 in
1096 2405 1329 2464 Evangelio
1353 2405 1598 2449 invcnnnus
1623 2421 1669 2450 os

292 2478 464 2531 cordis3
499 2488 547 2522 ut
578 2493 664 2522 uno
698 2476 795 2522 loco
824 2487 863 2521 et
908 2475 1104 2539 corporis
1132 2485 1174 2519 et
1207 2474 1348 2520 cordis
1377 2490 1422 2519 os
1455 2473 1669 2520 Dominus

291 2565 644 2595 commemorasse
661 2547 905 2593 inveniatur
926 2584 935 2591 .
965 2547 1041 2592 ulai
1068 2545 1125 2591 ait
1147 2563 1157 2590 ι
1186 2567 1206 2586 <‹
1235 2544 1393 2592 Adhuc
1416 2555 1459 2590 et
1477 2559 1553 2589 vos
1579 2545 1668 2590 sine

343 2634 592 2675 ¹Sa1›,1‚6-12.
