1758 3246
321 319 412 368 512
727 333 761 365 s,
805 333 1044 366 Acersrix1
1080 336 1277 369 Eriscori

321 400 511 448 minibus
535 415 636 445 vero
659 398 808 446 audito
830 401 1114 449 morientibus
1143 404 1365 451 homicida
1390 403 1551 450 dicitur
1567 404 1685 451 veri-
1751 391 1758 440 '.'

319 483 396 519 tas.
429 470 654 535 Numquid
673 471 786 517 enim
810 472 842 518 si
870 483 1070 536 stuprum
1103 487 1272 539 expetat
1294 475 1518 540 impudica
1535 512 1546 530 ‚
1573 487 1622 520 et
1645 487 1684 521 tc

319 560 408 589 non
428 542 716 588 consentiente
730 579 741 599 ‚
766 559 879 589 saevo
900 561 1042 589 amore
1064 547 1322 608 perturbata
1347 546 1556 592 moriatur
1571 583 1581 595 ,
1606 545 1684 591 ho-

320 613 482 660 micida
503 614 582 659 erit
601 624 643 658 et
665 613 860 659 castitas?
892 615 959 660 An
985 631 1089 661 vero
1111 617 1213 680 quia
1237 617 1416 677 legimus
1437 635 1447 662 ι
1481 637 1501 657 α
1524 616 1687 661 Christi

320 706 341 727 n
363 685 504 731 bonus
522 683 630 730 odor
648 699 795 728 sumus
813 683 858 728 in
875 685 993 730 omni
1008 684 1106 731 loco
1120 724 1131 742 ‚
1154 687 1256 733 etin
1274 688 1324 732 iis
1343 688 1419 750 qui
1434 686 1538 733 salvi
1554 686 1684 742 fiunt,

323 776 344 798 ›>
361 766 404 801 et
424 755 469 800 in
491 755 541 800 iis
565 754 640 817 qui
665 764 849 816 pereunt
867 774 877 808 3
903 754 992 801 aliis
1019 756 1195 819 quidem
1216 757 1323 803 odor
1339 758 1443 802 vitae
1465 757 1510 802 in
1527 757 1658 802 vitam
1674 793 1684 811 ‚

322 847 344 868 >2
363 825 454 871 aliis
479 835 622 870 autem
648 823 757 869 odor
781 825 931 870 mortis
963 826 1009 870 in
1039 826 1246 872 mortem1
1273 845 1283 872 :
1307 849 1328 869 ³>
1358 827 1485 873 etiam
1511 827 1686 872 odorem

324 896 490 942 Christi
519 895 900 958 pronuntiabimus
927 895 1227 944 homicidam?
1254 898 1338 944 Sed
1364 898 1467 962 quia
1495 897 1690 942 homines

323 982 493 1022 sumus,
520 976 562 1011 et
583 983 660 1011 nos
682 965 730 1011 in
754 965 1008 1026 hujusmodi
1032 969 1345 1030 quaestionibus
1374 979 1416 1013 et
1440 966 1690 1013 contradic—

322 1037 516 1083 tionibus
533 1036 790 1100 plerumque
815 1048 989 1100 superat
1013 1049 1085 1084 aut
1102 1038 1253 1099 fatigat
1276 1056 1420 1085 sensus
1442 1038 1659 1084 humanus
1677 1073 1687 1093 ‚

322 1107 419 1154 ideo
447 1124 547 1152 mox
563 1118 606 1153 et
623 1107 694 1152 ille
714 1106 898 1166 subjecit
924 1124 934 1152 :
963 1129 983 1150 c<
1004 1110 1060 1154 Et
1082 1109 1136 1155 ad
1164 1110 1262 1155 haec
1286 1109 1383 1173 quis
1407 1108 1618 1154 idoneus?
1638 1129 1659 1149 »

388 1178 615 1224 XXXVII.
657 1177 758 1223 Huc
787 1177 979 1234 accedit,
1019 1179 1097 1224 ubi
1134 1180 1418 1225 miserabilius
1441 1177 1693 1238 eJ‘ulandum

325 1260 388 1296 est
405 1286 416 1305 ‚
452 1248 571 1312 quod
594 1249 628 1293 si
651 1247 983 1294 concesserimus
1008 1265 1089 1312 pro
1117 1249 1251 1295 salute
1273 1250 1387 1295 illius
1409 1248 1512 1308 aegri
1535 1247 1588 1293 de
1604 1247 1693 1293 vita

326 1321 402 1366 filii
428 1324 517 1381 ejus
539 1318 667 1364 fuisse
690 1317 984 1364 mentiendum
1005 1356 1015 1374 ‚
1043 1320 1101 1365 ita
1124 1320 1332 1384 paulatim
1361 1318 1693 1380 minutatimque

324 1390 548 1437 succressit
567 1389 652 1435 hoc
678 1387 839 1434 malum
860 1425 871 1444 ‚
897 1399 938 1433 et
960 1389 1167 1435 brevibus
1188 1390 1428 1435 accessibus
1449 1388 1504 1433 ad
1526 1398 1694 1433 tantum

326 1478 527 1508 acervum
550 1459 876 1506 mendaciorum
900 1459 1204 1505 sceleratorum
1226 1460 1378 1505 sensim
1405 1457 1692 1504 subintrando

324 1531 608 1596 perducitur,
649 1539 698 1574 ut
734 1545 959 1591 nunquam
992 1530 1126 1592 possit
1161 1530 1334 1593 penitus
1367 1528 1573 1585 inveniri,
1619 1528 1694 1574 ubi

326 1614 459 1649 tantae
479 1602 589 1666 pesti
616 1618 694 1664 per
718 1600 897 1645 minima
919 1600 1211 1646 additamenta
1231 1602 1274 1646 in
1303 1602 1561 1647 immensum
1585 1617 1695 1645 con-

324 1673 554 1720 valescenti
573 1671 708 1735 possit
731 1669 893 1717 obsisti.
926 1670 1050 1716 Unde
1085 1671 1459 1735 providentissime
1485 1669 1697 1733 scriptum

327 1755 391 1790 est
414 1761 425 1789 ε
453 1764 473 1785 «
491 1743 581 1800 Qui
612 1740 786 1787 modica
818 1741 1008 1804 spernit,
1037 1741 1249 1805 paulatim
1273 1741 1481 1788 decidit2.
1507 1762 1528 1782 ι)
1546 1739 1663 1796 Quid
1683 1777 1693 1795 ,

327 1813 446 1878 quod
478 1814 581 1860 vitae
614 1812 750 1871 hujus
778 1810 879 1856 tales
912 1822 1120 1857 amatores
1139 1849 1149 1868 ‚
1182 1822 1231 1857 ut
1261 1829 1353 1858 eam
1389 1828 1477 1858 non
1495 1810 1699 1856 dubitent

325 1900 582 1949 praeponere
612 1881 814 1938 veritati,
844 1899 898 1927 ne
930 1882 1066 1929 homo
1101 1884 1334 1938 moriatur,
1361 1883 1448 1928 imo
1478 1891 1527 1926 ut
1562 1880 1697 1925 homo

328 1955 591 2020 quandoque
630 1952 865 1998 moriturus
909 1953 1131 2016 aliquanto
1168 1954 1300 1999 serius
1334 1952 1544 1998 moriatur
1561 1988 1572 2007 ‚
1612 1967 1700 1995 non

326 2037 497 2072 tantum
523 2023 725 2079 mentiri,
764 2021 837 2068 sed
859 2023 988 2068 etiam
1014 2027 1202 2086 pejerare
1232 2040 1310 2069 nos
1341 2022 1520 2077 volunt,
1549 2031 1598 2066 ut
1629 2021 1699 2067 vi-

329 2096 484 2143 delicet
506 2112 558 2141 ne
591 2094 811 2158 aliquanto
844 2093 972 2138 citius
999 2104 1184 2140 transeat
1208 2111 1318 2140 vana
1349 2092 1462 2139 salus
1481 2091 1696 2145 hominis,

329 2183 487 2213 nomen
515 2164 687 2210 Domini
713 2164 791 2208 Dei
810 2163 945 2208 nostri
963 2164 1228 2227 accipiamus
1247 2163 1292 2209 in
1318 2164 1506 2208 vanum?
1529 2162 1584 2206 Et
1602 2170 1702 2206 sunt

328 2237 376 2282 in
400 2236 457 2281 eis
482 2234 629 2291 docti,
655 2233 732 2296 qui
762 2233 891 2278 etiam
922 2233 1089 2293 regulas
1120 2235 1279 2293 figant,
1311 2234 1501 2296 finesque
1536 2231 1701 2277 consti-

331 2317 457 2354 tuant
475 2344 485 2363 ,
520 2304 696 2369 quando
727 2303 884 2349 debeat
903 2341 912 2359 ‚
938 2303 1115 2367 quando
1144 2322 1229 2350 non
1255 2303 1411 2349 debeat
1435 2302 1630 2366 pejerari.
1659 2300 1698 2345 O

331 2379 410 2425 ubi
441 2378 538 2423 estis
571 2377 710 2423 fontes
745 2374 1071 2438 lacrymarum?
1107 2377 1159 2421 Et
1197 2375 1305 2438 quid
1341 2373 1579 2419 faciemus?
1614 2388 1701 2435 quo

330 2449 520 2495 ibimus?
546 2446 623 2493 ubi
642 2463 717 2492 nos
735 2445 1056 2491 occultabimus
1081 2447 1138 2491 ab
1157 2446 1220 2491 ira
1239 2445 1426 2491 veritatis
1441 2481 1451 2499 ‚
1476 2443 1510 2488 si
1530 2459 1615 2488 non
1637 2458 1701 2487 so·

331 2519 422 2566 lum
453 2519 706 2579 negligimus
733 2533 880 2563 cavere
908 2516 1131 2562 mendacia
1153 2554 1163 2572 ,
1200 2515 1272 2562 scd
1305 2514 1511 2561 audemus
1528 2513 1703 2575 insuper

331 2590 485 2636 docere
507 2588 730 2654 perjuria?
758 2585 955 2634 Viderint
983 2587 1097 2633 enim
1129 2596 1354 2633 assertores
1378 2583 1703 2646 defensoresque

380 2674 392 2723 ἔ
412 2685 429 2706 2
444 2675 518 2708 Cor.
532 2685 572 2716 ιι,
593 2674 648 2719 15,
671 2673 727 2710 ιδ,
741 2669 929 2707 —2Eccli.
952 2681 1020 2713 xxx,
1044 2682 1070 2703 ι.
