1758 3246
393 325 447 355 DE
483 324 623 354 opem:
658 323 990 365 Monacuonusn
1030 329 1115 360 Lm.
1161 333 1187 362 ι.
1394 319 1483 383 547

123 389 252 435 latere
287 407 361 436 nos
390 390 541 437 voluit.
579 391 688 436 Nam
722 401 763 436 et
799 395 921 451 cujus
956 394 1057 439 artis
1089 396 1227 458 opifex
1259 396 1411 455 fuerit,
1446 410 1488 445 et

124 460 286 523 quibus
303 461 572 524 temporibus
584 472 755 508 vacaret
768 462 1058 526 dispensando
1077 466 1326 527 Evangelio,
1343 481 1490 516 sancta

125 531 352 594 Scriptura
381 548 470 577 non
502 532 650 579 tacuit.
693 534 804 578 Nam
833 549 933 578 cum
957 550 1057 578 eum
1091 535 1179 580 dies
1210 538 1488 600 profectionis

124 612 292 661 urgeret
317 601 362 646 in
400 602 569 648 Troade
603 601 938 658 constitutum1,
971 604 1099 650 etiam
1133 606 1179 651 in
1208 623 1293 653 una
1319 610 1488 655 sabbati

123 671 389 731 congregatis
417 671 626 718 fratribus
651 671 704 717 ad
724 671 1012 732 frangendum
1041 691 1198 738 panem
1215 714 1225 732 ‚
1258 688 1375 724 tanta
1405 679 1489 725 fuit

121 742 302 787 intentio
322 753 364 788 ct
387 753 474 788 tam
495 743 728 789 necessaria
746 742 982 806 disputatio
996 781 1006 800 ,
1038 756 1085 790 ut
1104 763 1242 792 sermo
1267 749 1489 812 produce-

122 823 242 859 retur
268 830 402 876 usque
431 813 485 859 ad
513 814 705 860 medium
741 814 879 860 noctis
897 852 907 870 ,
942 826 1148 878 tanquam
1186 819 1407 866 excidisset
1434 823 1490 868 eis

123 883 242 945 quod
259 900 307 929 eo
325 883 394 929 die
412 901 499 929 non
523 895 628 929 esset
648 884 860 944 jejunium
887 902 897 929 ε
919 886 1095 948 quando
1118 899 1259 950 autem
1277 890 1322 934 in
1347 891 1491 955 aliquo

122 952 219 998 loco
255 953 510 1000 immoratus
545 955 740 1018 quotidie
773 955 1053 1018 disputabat,
1093 959 1188 1020 quis
1227 959 1491 1007 dubitaverit

121 1023 250 1069 horas
267 1041 364 1070 eum
389 1025 591 1070 habuisse
617 1025 777 1071 adhoc
805 1026 992 1071 officium
1018 1027 1276 1091 deputatas?
1295 1031 1493 1096 Namque

122 1093 242 1157 apud
267 1094 458 1141 Athenas
487 1112 588 1140 cum
617 1106 722 1141 esset
739 1133 749 1152 ‚
773 1096 876 1159 quia
909 1096 1237 1144 studiosissimos
1255 1117 1398 1146 rerum
1424 1102 1495 1146 in-

120 1165 345 1228 quisitores
363 1166 585 1211 invenerat
604 1204 614 1220 ‚
640 1167 699 1212 ita
718 1166 772 1212 de
797 1166 870 1212 illo
895 1168 1105 1230 scriptum
1125 1180 1185 1214 est
1206 1188 1217 1215 ε
1244 1192 1264 1212 α
1286 1172 1492 1235 Disputa-

122 1256 142 1275 »
160 1235 238 1280 bat
259 1235 396 1295 igitur
422 1252 522 1281 cum
548 1237 713 1282 Judaeis
731 1237 776 1282 in
796 1254 1007 1299 synagoga
1025 1275 1034 1292 ‚
1061 1250 1101 1282 et
1124 1240 1323 1298 gentibus
1340 1242 1492 1288 incolis

124 1329 142 1347 υ
161 1306 205 1350 in
237 1304 330 1351 soro
357 1323 435 1368 per
458 1323 629 1351 omnem
662 1307 778 1351 diem
809 1306 861 1351 ad
896 1323 966 1351 eos
997 1308 1072 1370 qui
1108 1309 1321 1357 aderant?
1351 1333 1371 1352 »
1396 1312 1493 1358 Non

120 1376 235 1421 enim
254 1376 298 1420 in
317 1392 531 1438 synagoga
549 1393 628 1439 per
648 1393 820 1421 omnem
838 1375 950 1421 diem
966 1413 976 1432 ,
1002 1377 1077 1422 ubi
1096 1395 1189 1423 mos
1205 1390 1295 1424 erat
1310 1382 1492 1427 sabbato

123 1445 400 1491 sermocinari
424 1463 434 1490 ε
462 1445 535 1490 sed
555 1467 575 1487 «
597 1447 648 1491 In
670 1446 765 1491 foro
782 1483 792 1502 ,
815 1446 982 1508 inquit,
1005 1463 1084 1510 per
1105 1464 1276 1494 omnem
1305 1450 1444 1504 die1n3
1469 1474 1489 1494 »

121 1526 301 1579 propter
322 1516 463 1562 studia
488 1516 637 1580 utique
661 1515 1002 1562 Atheniensium.
1031 1516 1102 1562 Sic
1126 1519 1238 1563 enim
1257 1521 1452 1582 sequitur
1474 1540 1484 1566 ε

121 1607 139 1627 <‹
162 1585 354 1642 Quidam
376 1603 477 1631 vero
510 1587 826 1649 Epicureorum
849 1596 890 1630 et
919 1586 1164 1632 Stoicorum
1188 1588 1486 1653 philosopho-

122 1678 141 1698 »
159 1673 260 1702 rum
275 1656 554 1702 conferebant
570 1674 668 1702 cum
687 1655 776 1703 illo.
793 1678 813 1698 »
827 1658 882 1701 Et
896 1656 1029 1720 paulo
1046 1668 1145 1720 post
1160 1657 1267 1703 dicit
1286 1677 1296 1704 :
1316 1681 1336 1701 «
1356 1661 1488 1707 Athe-

121 1750 141 1770 »
159 1729 322 1774 nienses
346 1739 486 1774 autem
508 1738 549 1773 et
572 1728 749 1773 advenae
778 1722 970 1791 hospites
997 1727 1048 1772 ad
1076 1728 1187 1773 nihil
1216 1729 1333 1776 aliud
1357 1748 1490 1778 Vaca-

121 1821 141 1842 ›>
158 1799 282 1855 bant,
304 1816 435 1863 quam
450 1798 592 1845 dicere
607 1798 772 1863 aliquid
792 1799 914 1855 novi,
936 1809 1010 1844 aut
1027 1799 1214 1846 audire?
1244 1822 1263 1842 »
1282 1803 1489 1849 Putemus

121 1870 377 1934 Apostolum
396 1869 478 1915 illis
495 1870 700 1916 omnibus
719 1869 873 1915 diebus
890 1870 1050 1932 quibus
1072 1869 1157 1916 fuit
1178 1871 1373 1928 Athenis,
1402 1890 1487 1919 non

118 1940 247 1986 fuisse
270 1951 493 2004 operatum
519 1957 529 1984 :
550 1950 731 2003 propter
749 1939 835 1985 hoc
854 1941 969 1985 enim
988 1950 1029 1985 et
1052 1956 1098 1985 ex
1119 1941 1371 1987 Macedonia
1389 1960 1487 2007 sup-

118 2011 323 2075 plebatur
352 2015 441 2071 ejus
471 2010 708 2070 indigentia
725 2048 736 2067 ,
770 2011 882 2055 sicut
904 2009 1012 2056 dicit
1033 2011 1078 2056 in
1104 2011 1291 2057 secunda
1316 2013 1371 2058 ad
1395 2014 1487 2060 Co—

119 2080 332 2128 rinthiosl*
354 2099 365 2126 ε
393 2098 642 2145 quanquam
666 2091 708 2126 et
736 2081 826 2126 aliis
849 2081 968 2127 horis
998 2092 1039 2127 et
1061 2083 1264 2128 noctibus
1287 2094 1482 2147 poterat,

120 2154 220 2217 quia
243 2153 302 2198 ita
330 2153 504 2199 valebat
533 2163 574 2197 et
601 2152 746 2197 animo
771 2162 812 2196 et
836 2169 1030 2216 corpore.
1066 2152 1151 2198 Sed
1180 2170 1282 2199 cum
1306 2155 1484 2202 Athenis

120 2226 293 2280 exisset,
316 2224 538 2270 videamus
571 2223 679 2286 quid
712 2222 820 2268 dicit
855 2224 1115 2286 Scriptura:
1151 2244 1170 2264 «
1190 2224 1480 2287 Disputabat,

120 2318 141 2338 »
157 2297 323 2360 inquit,
350 2295 395 2341 in
411 2310 623 2357 synagoga
648 2310 725 2356 per
741 2309 867 2338 omne
889 2293 1146 2338 sabbatum⁵
1171 2311 1180 2338 :
1204 2315 1224 2335 »
1256 2295 1343 2340 hoc
1366 2296 1483 2359 apud

121 2366 398 2412 Corinthum.
430 2365 482 2410 In
507 2363 676 2409 Troade
695 2380 796 2409 vero
815 2400 825 2418 ‚
855 2364 932 2409 ubi
952 2364 1198 2409 necessitate
1220 2365 1484 2424 imminentis

117 2435 398 2500 profectionis
423 2451 559 2498 usque
600 2433 653 2479 ad
683 2433 873 2479 medium
901 2434 1042 2479 noctis
1072 2450 1210 2479 sermo
1238 2445 1483 2498 protractus

119 2517 202 2561 est,
224 2523 310 2553 una
326 2506 497 2552 sabbati
517 2515 629 2562 erat,
653 2505 729 2568 qui
748 2504 836 2551 dies
854 2504 1109 2550 Dominicus
1123 2503 1312 2550 dieitur⁶
1334 2523 1345 2551 t
1366 2507 1484 2553 unde

168 2599 178 2621 ¹
203 2601 270 2630 Act.
285 2608 343 2639 xx,
362 2609 391 2636 7.
411 2615 455 2621 —-
473 2595 549 2627 2111.
570 2595 664 2634 Παῤ
682 2607 735 2636 17.
756 2615 798 2620 —
822 2593 837 2618 ²
854 2595 936 2628 ibid.
956 2595 996 2627 18
1026 2599 1056 2642 et
1080 2600 1133 2631 2'1,
1154 2594 1262 2627 -42
1279 2598 1355 2631 Cor.
1378 2608 1426 2641 xx,
1449 2614 1487 2642 9,

119 2669 164 2676 -
187 2650 201 2675 ⁵
221 2655 290 2685 Act.
311 2661 406 2694 xvut,
427 2646 605 2687 4.—⁶Id.
626 2661 679 2690 xx,
695 2662 724 2690 7.

1281 2701 1356 2748 35.
