1758 3246
157 276 211 306 DE
248 277 350 306 FIDE
387 274 534 305 RERUM
572 274 672 312 QUAE
712 273 803 303 NON
844 273 1087 312 VIDENTUR,
1127 274 1210 303 LIB.
1252 273 1283 303 Ι.
1393 274 1418 320 7

11 390 13 399 <
53 357 146 386 mus
171 359 180 385 ε
212 356 343 403 usque
364 339 466 385 adeo
487 356 550 384 res
570 339 774 384 humanae
793 337 1125 400 perturbantur,
1151 338 1184 382 si
1200 337 1318 401 quod
1333 354 1421 383 non

8 463 9 466 Ἴ
52 410 264 465 videmus,
285 426 374 454 11011
397 409 622 454 credamus
639 446 650 464 ,
672 418 720 452 ut
737 407 913 453 omnino
939 405 1136 451 funditus
1156 417 1418 464 evertantur,

52 481 85 525 si
108 479 245 524 nullas
269 479 495 524 credamus
518 478 746 524 hominum
772 477 1030 532 voluntates,
1054 492 1160 540 quas
1182 477 1332 539 ntique
1350 479 1422 523 vi-

51 549 148 595 dere
178 567 265 594 non
289 567 530 613 possumus.
562 549 730 594 Omitto
751 548 892 593 dicere
916 564 1048 610 quam
1069 546 1205 592 multa
1224 547 1320 604 isti,
1347 550 1423 611 qui

0 679 1 683 Ἰ
50 636 126 665 1105
144 619 484 682 reprehendunt,
503 619 606 682 quia
630 617 847 663 credimus
862 633 961 680 quae
981 634 1069 662 non
1086 616 1300 673 videmus,
1324 633 1423 663 cre-

49 689 154 735 dant
170 688 298 734 famae
319 700 360 734 et
373 689 585 743 historiae,
608 687 676 734 vel
693 687 746 732 de
764 687 891 743 loeis,
920 687 998 732 ubi
1013 686 1096 749 ipsi
1119 702 1206 732 non
1220 685 1420 741 fuerunt3

0 751 1 756 ¹
48 775 127 805 nec
149 758 298 805 dicant
320 777 330 803 ε
357 760 456 804 Νο11
474 758 708 813 credimus,
735 758 838 820 quia
856 773 944 801 non
968 756 1171 803 vidimus.
1206 757 1423 814 Quoniam

48 829 82 874 si
99 829 185 874 hoc
209 829 375 885 dicant,
405 839 621 888 coguntur
644 828 768 873 fateri
800 829 988 873 incertos
1007 827 1091 872 sibi
1122 844 1207 873 esse
1231 839 1428 890 parentes

55 915 151 944 51105
173 915 183 942 1
209 900 311 961 quia
331 910 372 944 et
394 899 500 944 hinc
518 899 610 944 aliis
631 899 928 953 narrantibus,
950 914 1029 943 nec
1052 908 1195 943 tamen
1215 899 1317 962 quia
1335 903 1428 959 jam

53 970 327 1032 praeteritum
368 981 429 1014 est
464 969 511 1014 id
546 968 766 1013 ostendere
803 968 1075 1024 valentibus,
1120 968 1424 1029 crediderunt,

52 1038 222 1083 nullum
242 1039 471 1083 retinentes
494 1038 610 1083 illius
645 1039 850 1100 temporis
874 1055 1041 1084 sensum
1058 1076 1069 1094 ‚
1105 1049 1148 1084 et
1174 1050 1316 1085 tamen
1337 1041 1428 1087 aliis

51 1108 153 1152 inde
175 1107 456 1171 loquentibus
476 1108 732 1153 adhibentes
753 1109 841 1152 sine
856 1108 943 1153 ulla
960 1109 1232 1155 dubitatione
1251 1128 1429 1158 consen—

51 1194 144 1223 sum
167 1195 178 1222 t
202 1178 323 1240 quod
346 1179 427 1223 nisi
453 1179 545 1235 fiat,
571 1179 818 1224 incurratur
842 1195 1008 1223 necesse
1031 1188 1093 1222 est
1116 1178 1318 1225 adversus
1343 1199 1428 1244 pa-

51 1260 188 1294 rentes
210 1248 395 1294 infidelis
430 1249 630 1312 impietas
650 1287 660 1305 ,
687 1249 794 1294 dum
829 1251 951 1312 quasi
975 1248 1138 1295 vitatur
1164 1249 1208 1294 in
1232 1249 1302 1295 his
1329 1268 1428 1314 quae

49 1319 194 1365 videre
228 1337 317 1365 non
348 1337 576 1383 possumus
610 1319 816 1365 credendi
855 1320 1084 1365 temeritas,
1128 1319 1174 1364 Si
1202 1336 1301 1380 ergo
1341 1339 1429 1367 non

51 1390 328 1436 credentibus
358 1391 484 1436 nobis
516 1408 616 1455 quae
638 1391 783 1437 videre
813 1407 901 1435 non
931 1406 1179 1453 possumus,
1214 1390 1309 1454 ipsa
1344 1393 1428 1440 hu-

51 1477 178 1505 mana
207 1461 406 1515 societas,
439 1461 673 1506 concordia
695 1472 929 1524 pereunte,
961 1477 1049 1505 11011
1082 1461 1238 1515 stabit3
1261 1475 1426 1525 quanto

50 1530 184 1589 magis
203 1540 264 1574 est
287 1530 414 1581 sides,
444 1531 642 1593 quamvis
665 1548 765 1593 quae
788 1548 877 1576 11011
902 1530 1122 1586 videntur,
1151 1531 1280 1577 rebus
1302 1533 1427 1579 adhi-

49 1599 192 1644 benda
226 1599 384 1645 divinis
417 1617 427 1644 :
456 1617 556 1663 quae
589 1601 622 1645 si
661 1617 748 1646 11011
786 1600 1078 1655 adhibeatur,
1118 1617 1205 1645 non
1237 1602 1426 1649 amicitia

49 1669 345 1731 quorumlibet
362 1669 615 1724 hominum,
641 1670 714 1715 sed
739 1670 833 1733 ipsa
856 1686 1024 1714 summa
1045 1668 1195 1731 religio
1215 1670 1420 1730 violatur,

50 1749 96 1784 ut
114 1756 279 1784 summa
299 1740 467 1784 mlseria
487 1750 790 1804 consequatur.

112 1809 163 1855 V.
206 1808 292 1854 Sed
327 1809 456 1854 amici
494 1810 702 1866 hominis,
730 1810 914 1873 inquieS‚
944 1827 1042 1871 erga
1064 1827 1132 1856 me
1158 1810 1425 1860 benevolen-

47 1878 150 1924 tiam
183 1895 435 1943 quanquam
469 1880 613 1925 videre
632 1898 719 1926 non
743 1898 917 1944 possum
934 1919 945 1937 ,
973 1881 1120 1927 multis
1144 1891 1290 1928 tamen
1312 1883 1426 1930 indi-

48 1948 123 1993 ciis
149 1948 353 2009 indagare
372 1967 548 2012 possum
575 1968 585 1995 ι
615 1968 690 1997 vos
715 1962 859 1996 autem
884 1969 984 2014 quae
1002 1951 1133 1997 vultis
1154 1963 1203 1997 ut
1227 1969 1316 1998 non
1333 1954 1424 2000 visa

48 2018 289 2073 credamus,
313 2020 443 2065 nullis
462 2021 634 2067 indiciis
667 2022 844 2084 potestis
868 2021 1103 2068 ostendere.
1136 2023 1316 2069 Interim
1336 2042 1423 2070 non

49 2105 203 2151 parum
227 2100 289 2134 est
306 2127 316 2145 ‚
343 2090 462 2153 quod
485 2091 630 2137 fateris
649 2092 940 2154 quorumdam
967 2092 1228 2138 indiciorum
1249 2095 1424 2158 perspi-

49 2159 210 2204 cuitate
235 2177 299 2205 res
319 2160 499 2224 aliquas,
526 2163 653 2208 etiam
676 2180 776 2226 quae
797 2180 886 2208 non
904 2163 1124 2218 videntur,
1152 2163 1268 2210 credi
1285 2183 1422 2228 opor-

45 2238 132 2273 tere
153 2246 164 2273 :
189 2229 319 2274 etiam
340 2231 399 2276 sic
416 2231 529 2276 enim
550 2244 737 2289 constat,
767 2250 855 2278 non
872 2234 1016 2279 omnia
1036 2250 1135 2296 quae
1154 2251 1242 2280 non
1263 2234 1423 2281 viden-

47 2307 135 2353 tur,
168 2315 256 2343 11011
289 2316 375 2344 6556
398 2301 636 2355 credenda3
658 2306 861 2366 jacetque
898 2302 1009 2348 illud
1044 2303 1264 2363 abjectum
1293 2315 1421 2368 atque

46 2368 297 2414 convictum
313 2407 324 2426 ,
358 2371 477 2434 quod
497 2372 676 2428 dicitur,
703 2391 752 2419 ea
773 2391 873 2437 quae
891 2391 978 2419 non
995 2373 1211 2432 videmus,
1231 2393 1319 2421 non
1344 2376 1423 2421 de-

47 2438 148 2483 bere
183 2455 261 2484 nos
288 2441 474 2489 credere.
524 2444 709 2489 Multum
736 2455 876 2490 autem
904 2444 1131 2501 falluntur,
1163 2446 1239 2509 qui
1263 2455 1421 2508 putant

46 2524 124 2552 nos
153 2508 240 2553 sine
275 2509 371 2555 ullis
403 2511 455 2557 de
491 2512 669 2560 Christo
700 2514 872 2561 indiciis
899 2516 1070 2561 credere
1103 2515 1148 2560 in
1173 2514 1411 2563 Christum.

49 2577 159 2622 Nam
185 2594 284 2640 quae
308 2593 409 2626 sunt
432 2582 594 2629 indicia
615 2584 814 2643 clariora,
843 2602 974 2648 quam
1001 2603 1049 2630 ea
1082 2601 1182 2647 quae
1210 2601 1328 2632 nunc
1351 2586 1417 2632 vi-
