1758 3246
382 321 436 350 DE
474 319 595 350 ΒοΝο
632 316 907 356 vmurrAns,
948 317 1033 347 ms.
1078 319 1107 347 1.
1331 303 1414 349 351

54 387 168 432 mine
194 386 385 449 palmam
411 383 601 429 dandam
623 400 708 427 esse
725 380 879 440 majori
895 379 1230 442 ferventiorique
1246 381 1395 443 pietati
1408 386 1426 428 Ξ)

59 459 120 501 lta
144 467 186 501 et
218 456 252 501 si
273 466 357 500 tres
382 453 476 498 aliae
508 453 851 505 constituantur,
890 450 1053 511 quibus
1088 450 1262 495 illorum
1293 452 1425 497 trium

53 526 158 570 bina
173 525 320 579 insint,
340 523 507 582 singula
524 523 665 568 desint
687 540 696 566 ε
717 522 814 585 quis
827 519 1001 565 dubitet
1014 536 1082 563 eas
1103 518 1297 565 meliores
1314 521 1422 576 fore,

52 597 213 659 quibus
238 594 568 658 praepollentius
588 593 720 638 fuerit
744 593 789 637 in
804 591 889 636 suis
911 589 1039 634 bonis
1059 588 1232 634 duobus
1252 590 1326 652 pia
1344 591 1427 637 hu-

54 665 236 719 militas,
262 675 310 710 ut
335 663 421 709 alta
444 664 498 708 sit
522 664 672 726 pietas.

117 735 283 781 XVIII.
311 733 441 780 Nulla
452 734 629 796 quidem
646 733 825 778 istarum
840 730 1148 776 sexviduarum
1161 738 1248 775 tuae
1263 746 1429 776 normae

54 803 324 867 adaequatur.
367 803 436 847 Tu
461 803 577 848 enim
599 803 633 848 si
657 802 744 847 hoc
762 811 913 847 votum
934 799 988 845 ad
1011 810 1274 844 senectutem
1293 817 1431 863 usque

52 873 300 936 perduxeris
317 910 327 925 2
362 874 506 918 omnia
524 873 604 918 tria
629 882 754 935 potes
780 871 966 923 hahere,
986 870 1147 933 quibus
1172 872 1310 915 Annae
1336 889 1432 916 me-

53 944 184 988 ritum
204 942 416 989 excelluit.
442 944 553 988 Nam
572 953 613 987 et
632 959 767 987 unum
780 942 924 987 virum
940 940 1135 985 habuisti
1154 976 1164 995 ,
1191 951 1232 985 et
1250 957 1338 985 non
1356 941 1432 987 diu

53 1024 198 1058 tecum
221 1014 326 1059 vixit
344 1013 390 1057 in
413 1030 543 1058 carne
569 1031 579 1057 :
609 1031 657 1058 ac
680 1029 760 1075 per
786 1013 871 1057 hoc
895 1011 929 1056 si
954 1011 1200 1056 exhibueris
1223 1012 1431 1057 obedien-

53 1086 157 1131 tiam
183 1086 326 1132 verbis
351 1086 546 1148 Apostoli
573 1085 755 1131 dicentis
785 1102 795 1129 ε
825 1084 969 1140 «Quae
1003 1093 1145 1128 autem
1174 1100 1271 1128 vere
1301 1084 1434 1130 vidua

53 1177 74 1198 n
99 1166 161 1200 est
183 1166 224 1200 et
255 1155 442 1200 desolata
459 1193 469 1211 ‚
510 1157 700 1218 speravit
734 1156 779 1199 in
805 1154 1067 1208 Dominum,
1095 1163 1136 1197 et
1166 1154 1354 1215 persistit
1389 1155 1435 1199 in

54 1247 75 1267 »
98 1226 370 1270 orationibus
391 1236 519 1269 nocte
537 1242 586 1268 ac
613 1225 708 1277 die;
734 1246 753 1264 »
797 1234 924 1284 atque
950 1221 1060 1266 illud
1090 1223 1210 1284 quod
1238 1225 1434 1286 sequitur

54 1295 197 1340 sobria
214 1293 436 1353 vigilantia
460 1293 715 1339 devitaveris
731 1330 741 1349 ,
765 1294 907 1348 «Quae
919 1302 1062 1337 autem
1080 1292 1124 1335 in
1139 1291 1306 1338 deliciis
1325 1294 1428 1352 agit,

55 1386 75 1407 ›>
99 1364 249 1411 vivens
274 1373 445 1408 mortua
468 1363 584 1408 est1:
612 1386 631 1404 »
659 1363 804 1408 omnia
827 1362 900 1408 illa
923 1362 1002 1407 tria
1025 1362 1142 1407 bona
1164 1379 1266 1426 quae
1292 1365 1430 1409 Annae

53 1435 229 1480 fuerunt
244 1470 254 1489 ,
279 1443 321 1477 et
339 1444 413 1477 tua
431 1444 572 1479 erunt.
594 1433 697 1477 Tibi
717 1443 859 1478 autem
878 1442 979 1477 sunt
998 1442 1040 1476 et
1061 1431 1136 1476 filii
1158 1468 1169 1487 ,
1192 1449 1302 1494 quos
1321 1433 1430 1479 forte

54 1503 127 1548 illa
152 1519 240 1547 non
260 1502 418 1547 habuit
439 1520 449 1547 :
470 1520 549 1547 nec
571 1502 668 1547 ideo
698 1501 917 1548 laudanda
937 1519 978 1546 es
993 1538 1003 1556 ,
1031 1501 1135 1564 quia
1157 1518 1227 1546 eos
1256 1502 1391 1549 habes
1413 1541 1424 1560 ,

54 1573 129 1618 sed
151 1572 255 1636 quia
279 1572 350 1635 pie
374 1572 539 1616 nutrire
559 1582 687 1635 atque
707 1571 892 1617 educare
918 1570 1074 1616 studes.
1116 1572 1174 1615 Ut
1201 1572 1315 1617 enim
1349 1573 1430 1618 tibi

54 1652 348 1696 nascerentur,
378 1640 676 1686 foecunditatis
696 1661 706 1695 3
730 1652 778 1686 ut
800 1641 975 1695 vivant,
1004 1640 1219 1686 felicitatis
1253 1651 1340 1695 est3
1385 1653 1434 1688 ut

56 1722 201 1757 autem
215 1712 274 1756 sic
291 1711 840 1767 instituantur‚voluntatis
857 1717 898 1755 et
908 1711 1146 1773 potestatis.
1173 1712 1222 1755 In
1245 1710 1328 1757 illis
1351 1713 1434 1758 tibi

55 1782 254 1827 homines
277 1780 563 1840 gratulentur,
594 1781 639 1825 in
658 1781 743 1826 hoc
763 1792 804 1826 te
823 1781 1059 1826 imitentur.
1088 1782 1212 1826 Anna
1237 1798 1315 1843 per
1330 1799 1431 1844 pro-

56 1852 278 1916 pheticam
292 1851 513 1896 scientiam
524 1852 729 1910 cognovit
740 1851 859 1914 apud
873 1862 1049 1895 matrem
1062 1851 1271 1909 virginem
1283 1852 1433 1897 Chris-

57 1933 148 1967 tum
167 1959 178 1977 ‚
204 1933 246 1966 te
268 1921 512 1980 evangelica
545 1922 680 1981 gratia
711 1922 814 1966 fecit
841 1932 1020 1966 matrem
1045 1921 1222 1979 virginis
1247 1922 1426 1969 Christi.

58 1992 138 2038 illa
161 1992 305 2055 itaque
324 2002 471 2036 sancta
492 1992 636 2051 virgo,
669 2008 801 2054 quam
834 1992 1011 2036 Christo
1036 1991 1250 2037 volentem
1280 2003 1321 2036 et
1353 2011 1435 2056 pe-

59 2073 216 2108 tentem
230 2062 462 2115 obtulistis,
479 2062 732 2108 vidualibus
747 2063 853 2107 aviae
874 2062 1108 2124 matrisque
1127 2062 1288 2107 meritis
1304 2063 1435 2108 addi-

0 2172 1 2175 ,
58 2133 125 2178 dit
135 2132 300 2195 aliquid
309 2133 361 2178 de
371 2135 523 2178 merito
535 2132 747 2192 virginali.
765 2134 863 2178 Non
879 2133 993 2178 enim
1007 2132 1120 2177 nihil
1131 2132 1231 2178 inde
1242 2133 1271 2177 h
1278 2134 1430 2191 abetis,

1 2678 5 2827 l

3 2856 6 2961 J

4 2970 7 3077 ὲ

0 2223 1 2246 z
59 2220 160 2266 quae
180 2203 297 2248 hanc
317 2204 488 2249 habetis
511 2222 521 2248 ι
542 2214 583 2249 et
603 2205 644 2249 in
663 2203 736 2249 illa
761 2204 858 2249 estis
874 2241 884 2260 ‚
910 2203 1028 2266 quod
1053 2203 1098 2248 in
1120 2204 1244 2249 vobis
1263 2222 1351 2250 non
1365 2222 1433 2249 es-

61 2275 127 2320 tis.
152 2275 264 2319 Nam
282 2284 330 2319 ut
340 2285 484 2320 sancta
494 2274 715 2333 virginitas
729 2273 988 2319 adimeretur
1005 2274 1275 2319 nubentibus
1290 2275 1431 2329 vobis,

59 2343 156 2389 ideo
176 2342 339 2390 factum
361 2355 422 2389 est
441 2382 451 2398 ‚
481 2355 528 2389 ut
551 2355 796 2389 nasceretur
818 2361 865 2389 ex
885 2344 1025 2390 vobis.

126 2414 247 2460 XIX.
283 2415 391 2459 Haoc
428 2415 573 2478 itaque
605 2415 658 2459 de
696 2415 857 2459 meritis
891 2415 1068 2459 diversis
1105 2418 1435 2473 conjugatarum

63 2483 416 2547 diversarumque
450 2485 681 2530 viduarum
717 2485 804 2530 hoc
839 2486 985 2548 Opere
1020 2501 1108 2530 non
1141 2484 1407 2546 disputarem
1422 2522 1432 2538 ,

64 2554 97 2598 si
120 2552 165 2598 id
192 2553 310 2615 quod
329 2554 381 2598 ad
399 2565 439 2599 te
455 2554 599 2600 scribo
613 2592 623 2611 ‚
643 2555 722 2600 tibi
745 2554 1049 2600 tantummodo
1067 2553 1314 2602 scriberem.
1351 2554 1434 2601 Sed

115 2637 124 2657 ¹
150 2646 160 2666 ι
181 2636 261 2667 'sinu
280 2646 305 2670 v.
331 2638 361 2676 ἦ,
380 2638 412 2669 (ἰ,
