1758 3246
16 268 17 273 ’
47 282 348 314 ENcffimDioN
389 282 440 311 DE
477 283 598 321 mon,
630 282 705 312 spu
742 281 794 311 ET
829 280 1094 323 CltARtTATE,
1134 285 1218 314 mn.
1256 285 1285 316 1.
1332 272 1409 325 141

48 347 106 392 eis
127 363 313 410 quorum
347 357 526 409 peccata
567 346 786 401 delentur,
823 362 875 390 ne
906 358 1172 392 reserventur
1190 349 1235 393 in
1267 350 1416 405 finem,

13 413 15 463 J
48 416 106 462 ait
134 416 364 479 Apostolus
406 434 416 461 ε
448 437 468 457 ε(
505 416 551 462 Si
568 416 682 461 enim
703 432 781 462 nos
804 415 920 477 ipsos
939 415 1252 474 judicaremus,
1277 437 1299 464 a
1324 420 1417 464 Do-

13 533 15 540 y
47 507 68 529 2>
83 487 295 531 minonon
301 485 600 545 judicaremur
619 504 628 531 :
645 503 745 531 cum
764 485 1017 544 judicamur
1031 496 1173 531 autem
1194 505 1218 532 a
1232 489 1419 536 Domino

12 608 13 611 Ἴ
48 577 70 598 >>
89 556 366 619 corripimur,
390 573 442 601 ne
459 573 560 601 cum
578 556 664 600 hoc
686 555 851 601 mundo
876 554 1174 602 damnemur1.
1206 578 1226 597 »

110 628 272 674 XVIII.
305 627 557 674 creduntur
583 639 725 673 autem
745 645 767 673 a
785 626 1049 690 quibusdam
1065 627 1134 690 (2)
1150 629 1279 673 etiam
1296 630 1327 675 ii
1345 632 1421 693 qui

10 700 13 755 ξ
44 716 200 744 nomen
226 699 392 745 Christi
414 718 502 746 non
536 699 782 763 reliquunt,
819 710 861 744 et
882 703 973 758 ejus
997 698 1170 745 lavacro
1192 700 1237 745 in
1263 702 1419 746 Eccle-

10 773 11 793 ἦ
45 769 103 815 sia
129 769 425 831 baptizantur,
446 786 525 815 nce
540 770 595 814 ab
615 787 664 815 eo
687 769 774 815 ullo
791 768 1022 814 schismate
1043 769 1111 815 vel
1127 770 1281 816 haeresi
1300 789 1420 834 prae—

45 838 268 893 ciduntur,
306 840 352 884 in
398 839 679 902 quantislibet
716 838 946 885 sceleribus
984 840 1159 895 vivant,
1205 858 1304 904 quae
1340 860 1420 888 nec

44 909 215 955 diluant
237 910 511 971 poenitendo,
542 927 622 955 nec
642 909 919 972 eleemosynis
940 909 1172 967 redimant,
1194 911 1267 958 sed
1290 912 1336 958 in
1362 913 1420 959 eis

44 995 179 1042 usque
214 979 267 1024 ad
295 979 428 1039 hujus
451 981 555 1025 vitae
581 980 785 1026 ultimum
817 980 930 1025 diem
951 980 1291 1043 pertinacissime
1325 1000 1422 1046 per-

45 1059 251 1104 severent,
281 1049 387 1095 salvi
423 1050 559 1095 futuri
588 1067 666 1112 per
698 1051 863 1109 ignem3
893 1049 995 1095 licet
1018 1068 1100 1113 pro
1123 1052 1421 1112 magnitudine

42 1117 284 1164 facinorum
324 1119 676 1181 flagitiorumque
706 1119 930 1175 diuturno,
968 1137 1056 1165 non
1085 1132 1228 1167 tamen
1264 1133 1422 1169 aeterne

42 1188 138 1246 igne
158 1188 320 1249 puniri.
344 1188 430 1233 Sed
442 1189 516 1250 qui
530 1188 617 1233 hoc
633 1188 834 1242 credunt,
852 1199 894 1232 et
908 1199 1052 1233 tamen
1067 1190 1288 1235 Catholici
1302 1202 1418 1248 sunt,

43 1256 236 1302 humana
255 1256 445 1318 quadam
473 1255 775 1301 benevolentia
810 1255 922 1299 mihi
946 1255 1036 1300 falli
1059 1256 1276 1304 videntur.
1311 1260 1420 1305 Nam

46 1326 269 1388 Scriptura
305 1326 452 1371 divina
485 1325 605 1371 aliud
644 1324 840 1369 consulta
865 1324 1111 1387 respondet.
1138 1327 1322 1373 Librum
1340 1347 1422 1375 au-

44 1406 130 1441 tem
143 1395 294 1441 dehac
308 1396 548 1459 quaestione
556 1394 814 1457 conscripsi,
827 1401 896 1453 cuj
904 1411 951 1439 us
969 1395 1122 1440 titulus
1138 1407 1199 1441 est
1212 1415 1221 1442 :
1234 1402 1308 1443 De
1317 1401 1422 1459 fide

44 1477 91 1511 et
110 1467 358 1529 operibus?
378 1483 388 1510 ι
415 1466 494 1511 ubi
517 1465 755 1511 secundum
777 1464 1026 1527 Scripturas
1062 1477 1251 1524 sanctas,
1277 1485 1422 1531 quan-

2 1559 5 1578 i
43 1545 136 1580 tum
157 1537 247 1581 Deo
271 1536 503 1596 adjuvante
527 1536 653 1598 potui
671 1535 982 1590 demonstrari,
1012 1552 1106 1580 eam
1132 1536 1263 1582 fidem
1286 1538 1423 1585 salvos

41 1607 197 1664 facere,
224 1625 355 1670 quam
387 1609 486 1653 satis
513 1607 733 1653 evidenter
760 1608 964 1670 expressit
992 1607 1156 1654 Paulus
1181 1612 1417 1672 apostolus,

43 1679 191 1726 dicens
213 1698 223 1725 ε
249 1702 268 1721 α
292 1682 342 1725 In
366 1681 542 1725 Christo
567 1680 681 1725 enim
703 1685 803 1725 Jesu
827 1696 965 1741 neque
986 1679 1262 1727 circumcisio
1285 1684 1420 1746 quid-

43 1771 65 1792 »
83 1767 213 1813 quam
233 1750 364 1806 valet,
390 1767 529 1813 neque
558 1750 853 1813 praeputium,
888 1748 961 1794 sed
999 1749 1105 1795 fides
1129 1767 1228 1813 quae
1248 1770 1326 1815 per
1348 1754 1422 1799 di-

43 1820 309 1866 »lectionem
344 1831 548 1883 operatur
577 1820 609 1867 3.
638 1841 659 1861 υ
697 1820 742 1865 Si
777 1829 921 1864 autem
954 1819 1066 1865 male
1109 1832 1152 1866 et
1185 1840 1273 1868 non
1308 1824 1420 1870 bene

44 1898 247 1954 operatur
270 1890 465 1954 ,procul
509 1890 675 1946 dubio,
718 1889 959 1935 secundum
996 1890 1241 1952 apostolum
1286 1893 1420 1939 Jaco-

42 1962 151 2007 bum
179 1981 221 2007 :a
237 1964 407 2008 Mortua
429 1973 491 2008 est
518 1962 565 2007 in
584 1962 810 2024 semetipsa
836 1960 870 2007 Δ.
895 1982 915 2002 »
936 1960 1026 2017 Qui
1045 1979 1193 2008 rursus
1214 1964 1274 2009 ait
1295 1983 1305 2009 :
1327 1986 1347 2007 «
1375 1966 1421 2011 Si

44 2032 209 2078 »fidem
236 2033 353 2079 dicat
376 2051 417 2078 se
455 2034 554 2096 quis
581 2033 759 2087 habere,
797 2049 928 2094 opera
963 2042 1106 2077 autem
1133 2050 1221 2079 non
1239 2034 1418 2092 habeat,

43 2123 65 2143 >2
85 2103 302 2166 numquid
326 2104 486 2167 poterit
521 2103 626 2149 fides
652 2102 815 2147 salvare
840 2118 939 2146 eum
965 2101 1004 2146 51³
1020 2122 1040 2142 >2
1069 2102 1206 2149 Porro
1227 2116 1368 2151 autem
1389 2107 1423 2151 si

44 2171 177 2217 bomo
200 2173 427 2218 sceleratus
455 2184 635 2236 propter
669 2172 799 2216 fidem
825 2171 955 2217 solam
974 2187 1053 2233 per
1074 2172 1214 2231 ignem
1229 2175 1422 2223 salvabi-

0 2258 1 2262 *
45 2251 133 2298 tur,
160 2252 202 2286 et
225 2243 284 2288 sic
307 2255 368 2288 est
394 2241 697 2305 accipiendum
709 2240 826 2303 quod
842 2241 901 2285 ait
912 2241 1064 2285 beatus
1081 2242 1242 2289 Paulus
1261 2263 1270 2289 :
1289 2268 1308 2286 α
1325 2247 1422 2309 Ipse

47 2330 68 2351 >³
92 2323 230 2356 autem
259 2312 398 2358 salvus
433 2313 538 2367 erit,
563 2312 621 2357 sic
647 2321 791 2356 tamen
816 2310 938 2373 quasi
962 2326 1040 2372 per
1072 2311 1213 2370 ignem
1233 2315 1249 2341 6
1275 2332 1421 2376 :›>po-

47 2381 142 2426 terit
178 2399 277 2441 ergo
302 2382 464 2428 salvare
483 2382 572 2427 sine
597 2380 802 2444 operibus
822 2379 943 2434 fides,
964 2390 1005 2424 et
1026 2378 1181 2426 falsum
1204 2383 1283 2427 erit
1303 2385 1421 2446 quod

45 2449 150 2496 dixit
167 2456 256 2511 ejus
271 2451 546 2516 coapostolus
570 2453 592 2497 J
600 2452 775 2498 acobus.
810 2450 983 2496 Falsum
1007 2451 1087 2496 erit
1102 2462 1143 2496 et
1160 2451 1269 2497 illud
1292 2456 1412 2516 quod

93 2548 103 2568 ¹
127 2558 139 2578 r
161 2549 236 2581 Cor.
255 2560 300 2587 xx,
323 2550 339 2578 3
355 2559 382 2584 ε,
401 2551 457 2581 32.
485 2567 530 2572 —
555 2549 667 2581 2Vide
685 2548 740 2581 lib.
760 2547 892 2586 deside,
911 2558 941 2580 c.
963 2547 1084 2584 14-16.
1105 2562 1146 2570 —-
1168 2544 1296 2583 3Galat.
1320 2561 1363 2591 ιχ,
1384 2553 1417 2585 6,

46 2615 88 2623 ·-
104 2596 118 2619 ⁴
136 2599 247 2633 Jacob,
265 2612 307 2643 11,
333 2612 384 2640 17.
401 2617 445 2623 -
463 2599 576 2635 51bid.
601 2608 653 2637 14.
673 2622 713 2629 -
733 2598 746 2620 ὓ
768 2610 780 2631 1
800 2602 870 2632 Cor.
886 2611 935 2631 111.
955 2601 1008 2630 15.
