1758 3246
352 258 406 289 DE
442 257 678 288 consuens
715 256 1041 297 aunt-reninis,
1082 258 1168 289 Lm.
1213 258 1263 289 11.
1403 244 1496 301 405

122 342 208 371 esse
238 324 527 370 commissum.
559 323 800 368 Habebunt
833 332 975 366 autem
1009 334 1106 368 ante
1139 325 1286 370 oculos
1315 325 1404 371 hoc
1426 326 1497 371 in-

122 396 308 457 quirere,
348 411 402 438 an
431 410 529 439 cum
560 403 608 437 tu
644 392 805 455 pudice
843 392 1021 447 viveres,
1057 394 1118 438 illi
1148 412 1323 458 quoque
1360 396 1499 443 bonos

121 481 261 509 mores
285 461 455 509 colendi
484 472 638 507 auctor
662 462 796 509 fuisti.
831 462 1116 525 Periniquum
1148 465 1262 509 enim
1295 465 1404 512 mihi
1429 467 1498 512 vi-

121 533 248 579 detur
273 543 444 588 0550,111
466 532 726 596 pudicitiam
746 532 813 577 vir
833 532 888 577 ab
917 549 1046 577 uxore
1071 534 1225 592 exigat,
1255 551 1388 597 quam
1408 537 1500 598 ipse

121 621 210 649 non
237 603 441 648 exhibet·
463 619 562 666 quae
582 620 645 647 res
670 613 812 665 potest
838 612 880 646 et
904 602 1047 647 virum
1073 603 1298 657 damnare,
1326 621 1413 649 non
1441 606 1499 650 ob

120 675 513 736 compensationem
527 674 665 718 mutui
682 672 873 717 criminis
890 689 979 717 rcm
998 673 1085 718 101(
1088 691 1108 718 r
1129 684 1362 737 utrumque
1381 691 1501 720 com-

118 759 300 806 ponere
331 743 396 788 vel
426 759 599 788 causam
623 742 724 788 sacti
746 741 941 787 tolle1e1.
983 764 1002 783 ›
1028 743 1073 788 Si
1099 743 1198 789 ha’c
1231 744 1501 790 observandi

118 823 219 859 sunt
253 824 435 876 propter
474 814 606 859 decus
639 824 818 858 terrenae
857 813 1066 865 civitatis,
1107 824 1271 877 quanto
1297 814 1501 860 castiores

118 884 278 946 quaerit
304 883 488 928 coelestis
515 883 656 945 patria
675 893 716 928 et
735 883 914 928 societas
940 883 1233 942 Angelorum?
1263 884 1375 940 Quae
1398 901 1502 930 cum

118 955 178 998 ita
203 954 304 1008 sint,
328 954 543 1017 numquid
562 954 658 999 idco
679 954 820 999 minor
843 965 920 1009 est.
951 972 999 999 ac
1021 971 1107 999 non
1132 956 1276 1017 potius
1301 958 1439 1014 major
1461 965 1503 1000 et

117 1027 241 1086 pejor
266 1024 458 1069 virorum
484 1024 758 1086 impudicitia
774 1061 784 1077 ‚
814 1025 916 1087 quia
942 1026 1050 1068 inest
1077 1024 1159 1068 illis
1177 1024 1364 1087 superba
1388 1034 1429 1069 01
1451 1023 1500 1068 11-

117 1094 305 1140 centiosa
319 1095 562 1153 jactantia?
585 1096 681 1139 Non
705 1094 836 1153 igitur
852 1095 1107 1139 exhorreant
1123 1094 1221 1147 viri,
1244 1093 1363 1157 quod
1380 1093 1500 1139 adul-

118 1174 220 1209 terae
245 1164 446 1210 Christus
463 1165 630 1223 ignovit
655 1182 664 1208 :
687 1164 758 1208 sed
786 1165 930 1225 potius
954 1174 1217 1223 cognoscant
1233 1165 1360 1209 etiam
1381 1164 1501 1227 peri—

118 1234 265 1278 culum
306 1251 450 1289 suum,
490 1244 531 1278 et
564 1233 693 1278 simili
732 1234 886 1278 morbo
928 1233 1170 1279 laborantes
1208 1234 1256 1279 ad
1298 1234 1500 1280 eumdem

120 1303 386 1349 salvatorem
420 1302 610 1367 supplici
642 1303 800 1365 pietate
832 1302 1111 1363 confugiant3
1148 1313 1189 1347 et
1211 1304 1331 1366 quod
1360 1304 1405 1348 in
1428 1304 1499 1350 illa

118 1372 281 1418 factum
299 1373 463 1432 legunt,
481 1373 607 1418 etiam
622 1372 704 1417 sibi
720 1373 1005 1418 necessarium
1023 1391 1108 1418 esse
1121 1373 1354 1429 fateantur,
1379 1373 1499 1420 adul-

120 1443 327 1488 teriorum
360 1460 537 1488 suorum
566 1442 826 1488 medicinam
857 1443 1121 1506 suscipiant,
1151 1443 1389 1489 adulter-arc
1407 1448 1500 1504 jam

119 1512 331 1567 desinant,
348 1512 526 1558 laudent
545 1513 587 1558 in
600 1530 640 1557 50
659 1513 733 1557 Dei
747 1513 996 1574 patientiam
1007 1549 1017 1561 ,
1037 1523 1162 1572 agant
1175 1513 1473 1575 poenitentiam
1484 1551 1493 1559 .

119 1594 291 1628 sumant
308 1582 639 1643 indulgentiam,
666 1594 834 1628 mutent
847 1583 900 1628 de
917 1600 1050 1646 poena
1076 1583 1358 1630 foeininarum
1384 1595 1427 1630 et
1446 1584 1499 1630 de

119 1670 194 1699 sua
211 1654 471 1717 impunitate
490 1655 758 1699 sententiam.

183 1723 308 1770 Vlil.
334 1724 508 1780 Quibus
527 1722 806 1768 consideratis
824 1733 954 1786 atque
971 1724 1179 1778 tractatis,
1204 1725 1238 1769 si
1257 1725 1499 1770 communis

117 1794 328 1848 conditio,
361 1811 592 1839 commune
614 1794 793 1841 malum.
824 1810 1056 1838 commune
1082 1793 1345 1856 periculum,
1374 1811 1499 1840 com-

117 1881 247 1910 mune
274 1863 447 1918 vulnus,
477 1865 719 1909 communis
746 1864 874 1917 salus,
905 1863 1090 1908 fideliter
1108 1874 1149 1908 et
1171 1864 1396 1910 humiliter
1420 1882 1499 1909 co-

118 1934 292 1993 gitetur,
320 1951 406 1978 non
425 1933 505 1978 0111
528 1934 682 1995 turpis,
710 1950 849 1996 neque
881 1932 1085 1978 difficilis.
1117 1934 1246 1978 etiam
1270 1944 1367 1996 post
1395 1951 1499 1997 per-

115 2014 283 2067 petrata
311 2014 436 2067 atque
463 2014 646 2067 purgata
681 2003 893 2047 adulteria
920 2003 1214 2048 reconciliatio
1240 2008 1495 2063 conjugum.

120 2074 197 2119 ubi
219 2091 297 2136 per
321 2073 460 2119 claves
488 2074 608 2132 regni
638 2072 851 2118 coelorum
874 2090 959 2117 non
981 2073 1210 2119 dubitatur
1235 2073 1328 2118 fieri
1349 2074 1499 2118 remis.—

119 2144 179 2189 sio
207 2154 485 2206 peccatorum
510 2161 520 2188 z
544 2160 631 2187 non
653 2154 701 2188 ut
719 2153 818 2205 post
837 2143 918 2187 viri
939 2142 1177 2189 divortium
1210 2142 1404 2190 adultera
1430 2160 1501 2188 10-

117 2224 314 2269 vocetur,
357 2213 429 2258 sed
471 2224 519 2259 ut
548 2223 647 2276 post
681 2213 845 2258 (Ihristi
876 2214 1145 2259 consortium
1183 2213 1378 2259 adultera
1413 2231 1500 2259 000

118 2295 311 2330 vocetur.
337 2284 495 2329 Verum
518 2301 617 2329 ecce
635 2301 721 2329 non
740 2285 834 2339 fiat,
862 2302 988 2330 nemo
1009 2284 1250 2348 compellit,
1272 2284 1374 2347 quia
1391 2284 1501 2329 torte

118 2353 182 2399 lex
208 2352 352 2417 aliqua
375 2353 509 2413 hujus
533 2353 682 2398 sa0culi
708 2364 824 2399 vetat
847 2354 1087 2400 secundum
1111 2366 1291 2400 terrenae
1316 2354 1502 2399 civitatis

118 2423 319 2478 modum,
346 2424 422 2468 ubi
446 2425 633 2484 cogitata
650 2441 738 2469 non
755 2434 816 2469 est
841 2423 1021 2470 abolitio
1045 2424 1278 2469 criminum
1298 2440 1377 2486 per
1401 2441 1502 2469 san-

119 2493 293 2554 guinem
329 2504 540 2539 sanctum.
584 2493 857 2558 Suscipiatur
894 2511 994 2554 ergo
1033 2494 1324 2549 continentia,
1367 2511 1501 2558 quam

170 2577 177 2600 ί
201 2580 263 2608 Lex
281 2577 439 2609 Antonini
457 2578 540 2610 viras
563 2579 647 2621 impu
661 2579 738 2610 tim*
756 2590 843 2622 mque
860 2590 894 2609 ῆι·
917 2579 1063 2611 muneres
1080 2579 1222 2612 damnari
1245 2579 1390 2614 volentia
