1758 3246
309 322 361 353 tm
398 322 636 352 commus
673 320 986 359 ADULTERINIS,
1028 324 1114 352 [ιη.
1160 324 1187 351 1.
1361 306 1452 370 387

82 399 160 442 est,
190 388 305 433 unde
321 392 411 447 jam
439 386 514 431 diu
532 386 771 449 loquimur,
794 385 993 430 discessio
1018 385 1155 432 fidelis
1179 389 1373 447 conjugis
1398 389 1454 434 ab

81 457 270 514 infideli,
305 473 436 520 quam
470 473 559 500 non
595 455 804 518 prohibet
840 455 1052 499 Dominus
1083 468 1305 519 praecepto
1332 458 1452 519 legiS‚

80 529 183 592 quia
208 542 353 573 coram
376 526 451 571 illo
474 527 631 586 injusta
655 543 743 571 non
769 536 856 578 est3
883 524 956 571 sed
985 525 1195 588 prohibet
1225 528 1458 589 Apostolus

82 597 262 643 consilio
286 596 529 651 charitatis,
560 597 662 659 quia
685 595 936 641 infidelibus
957 596 1077 640 affert
1098 595 1458 658 impedimentum

81 666 228 711 salutis
249 684 260 711 ε
281 683 366 711 non
385 664 523 711 solum
537 666 639 729 quia
656 664 1013 728 perniciosissime
1030 665 1379 712 scandalizantur
1397 667 1460 712 of-

80 735 211 790 fensi,
241 737 521 781 verumetiam
548 735 650 798 quia
675 736 719 779 in
750 734 831 779 alia
851 735 1050 795 conjugia
1087 751 1189 779 cum
1223 735 1458 781 ceciderint

81 805 332 865 Viventibus
355 805 413 850 eis
437 823 458 850 a
480 806 642 869 quibus
668 804 975 862 dimittuntur,
1009 805 1262 851 adulterinis
1286 807 1463 852 nexibus

82 873 274 936 colligati
297 875 554 921 difficillime
578 876 866 922 resolvuntur.

146 943 315 991 XXIII.
361 945 463 991 lde-o
488 946 578 1000 hic,
602 946 682 990 ubi
712 946 757 990 id
788 946 907 1010 quod
930 946 1031 991 licet
1054 963 1143 991 non
1163 947 1349 1010 expedit,
1377 965 1466 993 non

82 1021 223 1079 potest
246 1015 333 1061 dici
359 1034 368 1061 ε
394 1017 439 1061 Si
463 1016 671 1061 dimiserit
688 1016 924 1071 infidelem,
947 1017 1056 1062 bene
1071 1017 1204 1070 facit3
1231 1019 1263 1062 si
1286 1034 1373 1062 non
1395 1017 1468 1063 di-

81 1086 260 1141 miserit,
276 1086 427 1131 melius
441 1086 543 1131 facit
565 1103 575 1130 :
597 1087 706 1134 sicut
735 1086 901 1131 dictum
921 1095 982 1129 est
1003 1102 1012 1128 z
1031 1105 1052 1124 «
1066 1085 1153 1139 Qui
1170 1085 1463 1150 datnuptum‚

82 1177 103 1197 >³
123 1155 232 1201 bene
265 1156 390 1209 facit3
424 1167 466 1201 et
496 1156 573 1219 qui
605 1174 692 1201 non
726 1156 799 1201 dat
835 1163 1049 1216 nuptum,
1088 1155 1240 1200 melius
1273 1156 1420 1204 facit1.
1448 1179 1468 1199 ι)

85 1225 304 1279 Quoniam
330 1226 436 1271 illud
464 1243 551 1267 non
582 1225 721 1267 solum
754 1233 990 1286 utrumque
1016 1225 1176 1285 pariter
1199 1225 1317 1280 licet,
1354 1227 1468 1272 unde

84 1292 139 1338 ad
165 1292 276 1338 nihil
302 1292 459 1337 horum
492 1302 715 1355 praecepto
747 1292 920 1336 Domini
940 1292 1122 1356 quisque
1153 1295 1434 1357 compellitur
1455 1315 1465 1341 ε

84 1361 158 1407 sed
180 1363 308 1407 etiam
330 1372 563 1424 utrumque
584 1361 771 1424 expedit,
795 1361 911 1422 aliud
936 1362 1095 1418 minus,
1118 1363 1235 1409 aliud
1261 1363 1466 1428 amplius,

85 1432 200 1478 unde
233 1431 287 1477 ad
327 1431 372 1477 id
407 1430 527 1495 quod
569 1431 754 1494 amplius
792 1431 992 1494 expedit,
1034 1432 1213 1477 consilio
1251 1434 1467 1496 Apostoli,

84 1503 351 1566 quicumque
380 1512 522 1565 potest
555 1519 726 1565 capere,
761 1507 1038 1564 provocatur.
1085 1503 1181 1547 Hoc
1215 1513 1358 1549 autem
1393 1506 1471 1551 ubi

86 1573 139 1618 de
161 1572 418 1618 dimittendo
441 1572 508 1617 vel
533 1590 620 1617 non
644 1572 903 1618 dimittendo
931 1572 1097 1617 infideli
1121 1574 1325 1633 conjugio
1344 1592 1470 1637 quae-

86 1646 212 1700 rifflr,
241 1655 475 1707 utrumque
494 1643 673 1707 quidem
696 1645 861 1707 pariter
884 1643 1054 1689 licitum
1075 1655 1137 1689 est
1160 1662 1238 1707 per
1256 1647 1471 1705 justitiam

85 1732 186 1779 quae
217 1731 366 1760 coram
400 1716 586 1760 Domino
614 1726 691 1769 est,
728 1726 770 1760 et
804 1715 900 1761 ideo
926 1715 1039 1760 nihil
1067 1715 1227 1761 horum
1256 1717 1472 1763 Dominus

84 1785 294 1849 prohibet
311 1803 321 1830 :
340 1784 412 1831 secl
437 1802 524 1830 non
550 1796 784 1850 utrumque
808 1785 996 1849 expedit.
1026 1796 1210 1849 propter
1232 1788 1470 1833 infirmita—

87 1864 147 1901 tes
161 1856 392 1901 hominum
409 1893 419 1911 ,
437 1866 477 1901 et
490 1855 586 1901 ideo
598 1856 640 1901 id
655 1856 774 1919 quod
790 1873 877 1901 non
891 1856 1079 1919 expedit,
1104 1857 1337 1919 Apostolus
1361 1876 1470 1921 pro-

86 1926 239 1979 hibet;
266 1925 396 1970 dante
430 1925 512 1970 sibi
551 1927 737 1970 Domino
772 1925 960 1971 liberum
993 1926 1264 1988 prohibendi
1300 1928 1466 1983 locum,

87 1996 190 2059 quia
209 2012 347 2058 neque
365 1994 407 2040 id
429 1995 550 2058 quod
569 2006 715 2040 monet
735 1995 985 2058 Apostolus,
1002 1995 1212 2058 prohibet
1233 2000 1466 2055 Dominus.

87 2082 226 2128 neque
239 2065 284 2111 id
299 2064 418 2128 quod
439 2065 650 2128 prohibet
665 2064 913 2128 Apostolus,
932 2065 1059 2123 jubet
1083 2066 1312 2114 Dominus.
1337 2069 1468 2124 Quod

87 2137 168 2181 nisi
193 2137 252 2181 ita
276 2146 395 2191 esset,
423 2153 562 2199 neque
585 2145 737 2180 contra
752 2135 1099 2198 prohibitionem
1120 2137 1298 2183 Domini
1325 2139 1468 2202 Apos—

91 2205 202 2250 tolus
226 2205 392 2269 aliquid
415 2215 624 2261 moneret,
651 2223 791 2270 neque
817 2216 968 2251 contra
994 2207 1230 2266 jussionem
1262 2212 1352 2268 ejus
1386 2208 1469 2254 ali-

88 2275 196 2339 quid
218 2276 488 2338 prohiberct.
520 2276 710 2322 Proinde
739 2277 784 2321 in
813 2276 881 2322 his
912 2276 1084 2323 duabus
1109 2279 1272 2324 causis.
1306 2296 1390 2324 una
1416 2279 1470 2325 de

90 2345 298 2391 nubendo
324 2345 392 2391 vel
415 2364 503 2391 non
525 2347 752 2395 nubendO.
777 2347 907 2393 altera
928 2348 981 2394 de
1005 2348 1173 2394 infideli
1191 2353 1374 2408 conjuge
1398 2349 1471 2395 di—

90 2415 303 2461 mittendo
326 2415 393 2462 vel
417 2433 505 2461 non
528 2416 787 2463 dimittendo
801 2454 811 2473 ‚
841 2417 1007 2482 aliquid
1031 2418 1169 2463 simile
1188 2428 1247 2463 est
1266 2419 1310 2463 in
1327 2419 1472 2465 verbis

95 2486 308 2549 Apostoli,
337 2486 502 2551 aliquid
526 2486 743 2535 dissimile.
777 2488 924 2535 Simile
947 2488 1126 2554 quidem
1150 2487 1259 2534 illud
1284 2489 1405 2553 quod
1429 2502 1472 2536 et

92 2556 156 2602 ibi
186 2555 294 2602 dicit
318 2574 330 2602 t
356 2577 377 2598 «
402 2558 681 2622 Praeceptum
711 2559 890 2606 Domini
923 2566 1011 2605 non
1042 2558 1211 2609 haheo„
1240 2559 1471 2607 consilium

142 2640 154 2662 ¹
173 2651 186 2672 1
204 2641 279 2673 Cor.
296 2652 351 2680 vn,
372 2642 429 2673 38.

1258 2694 1331 2740 25.
