1758 3246
296 276 350 308 DE
388 277 624 307 consuens
661 276 973 317 ADUL'rEnmns,
1014 277 1101 309 LJB.
1146 280 1172 309 ι.
1344 262 1437 309 385

68 353 116 388 ut
151 343 239 389 illae
269 360 347 407 per
376 341 552 388 maritos
583 359 685 387 vero
721 341 1048 404 acquirerentur
1082 343 1186 390 Deo.
1232 344 1441 390 Nondum

66 413 180 458 enim
206 424 323 459 tanta
348 411 485 472 gratia
515 411 750 457 Salvatoris
771 410 984 466 illuxerat,
1011 421 1052 456 et
1077 413 1298 474 promissis
1328 425 1441 460 tem-

66 483 292 545 poralibus
301 482 462 526 Veteris
481 481 743 526 Testamenti
762 479 909 525 adhuc
933 480 1135 526 inhiabat
1153 482 1267 528 illius
1284 483 1442 547 populi

0 558 2 573 '
67 551 317 598 multitudo.
357 552 412 596 Et
446 561 677 613 propterea
711 567 811 596 cum
846 550 963 595 bona
1002 560 1185 607 terrena,
1225 569 1325 615 quae
1361 571 1442 616 pro

0 636 1 640 ’
67 639 223 682 magno
242 620 530 684 expectabant
551 639 574 666 a
599 622 804 677 Domino,
832 620 1028 666 viderent
1052 621 1181 666 etiam
1206 622 1274 667 his
1301 624 1445 669 abun—

68 691 170 738 dare
195 693 271 754 qui
294 690 452 736 inultos
481 689 608 736 salsos
638 690 840 736 colebant
865 689 983 745 deos,
1013 691 1239 737 blanditiis
1264 710 1448 738 uxorum

0 753 2 781 t
21 818 28 825 υ
66 763 188 825 prius
205 779 275 807 eos
292 761 601 806 reverebantur
623 760 854 816 offendere,
881 760 1038 806 deinde
1058 762 1382 808 inducebantur
1407 774 1449 808 et

68 831 219 878 colere.
246 831 371 876 Unde
389 835 573 891 jusserat
598 830 809 876 Dominus
840 848 918 893 per
941 843 1140 878 sanctum
1162 834 1359 896 Moysen,
1394 850 1448 878 ne

68 902 163 965 quis
192 919 365 947 uxorem
400 901 684 961 alienigenam
723 900 942 947 duceret1.
986 903 1141 948 Merito
1178 921 1301 963 ergo,
1340 921 1449 968 quas

68 972 276 1017 duxerant
308 972 495 1017 Domino
526 971 806 1034 prohibente,
842 971 1029 1016 Domino
1057 974 1240 1031 jubente
1269 973 1449 1018 dimise-

68 1052 183 1088 runt.
223 1043 336 1086 Cum
370 1058 471 1086 vcro
499 1041 701 1104 coepisset
735 1041 935 1100 gentibus
963 1043 1247 1098 Evangelium
1278 1041 1448 1104 praedi-

68 1112 174 1168 cari,
199 1115 289 1171 jam
316 1115 573 1171 conjunctos
596 1111 774 1171 gentiles
797 1109 1031 1170 gentilibus
1055 1111 1269 1172 comperit
1293 1116 1452 1171 conju-

67 1199 136 1239 ges
159 1199 169 1226 :
191 1199 237 1227 ex
262 1182 423 1245 quibus
444 1181 477 1226 si
500 1198 588 1226 non
610 1180 739 1225 ambo
764 1176 1005 1233 crederent,
1030 1178 1103 1222 sed
1128 1196 1240 1224 unus
1265 1191 1338 1225 aut
1365 1198 1450 1226 una

67 1252 253 1295 infidelis
279 1268 379 1294 eum
402 1250 518 1292 fideli
543 1246 802 1291 consentiret
822 1247 1040 1302 habitare,
1064 1264 1143 1293 nec
1162 1250 1393 1311 prohiberi
1428 1270 1450 1296 a

69 1319 256 1365 'Domino
287 1317 440 1364 debuit
470 1316 607 1362 fidelis
637 1315 854 1361 infidelem
890 1315 1123 1373 dimittere,
1159 1336 1239 1364 nec
1263 1321 1411 1379 J'uberi
1436 1339 1447 1365 ε

68 1389 163 1435 ideo
189 1388 352 1434 scilicet
374 1405 463 1433 non
488 1387 733 1451 prohiberi,
760 1386 864 1450 quia
882 1387 1053 1446 justitia
1073 1389 1291 1450 permittit
1314 1409 1335 1435 a
1358 1390 1450 1436 for-

67 1461 239 1506 nicante
259 1458 496 1509 discedere,
518 1468 559 1501 et
578 1456 764 1502 infidelis
782 1457 972 1502 hominis
988 1456 1217 1503 fornicatio
1236 1471 1297 1504 est
1313 1466 1452 1521 major

68 1531 112 1576 in
132 1529 286 1582 corde;
309 1546 388 1574 nec
409 1546 507 1574 vera
527 1531 616 1587 ejus
632 1526 846 1590 pudicitia
861 1544 960 1572 cum
981 1532 1164 1588 conjuge
1180 1529 1267 1575 dici
1285 1542 1447 1593 potest,

69 1601 171 1664 quia
192 1622 211 1641 «
233 1600 375 1645 Omne
413 1597 532 1661 quod
568 1614 656 1642 non
691 1607 753 1642 est
787 1614 833 1642 ex
872 1596 974 1653 fide,
1011 1609 1242 1661 peccatum
1273 1602 1366 1646 est2
1391 1620 1402 1647 ε
1428 1624 1448 1643 »

67 1671 268 1734 quamvis
297 1687 437 1716 veram
463 1667 601 1714 fidelis
624 1668 788 1713 habeat
812 1667 1070 1730 pudicitiam
1099 1669 1226 1715 etiam
1251 1689 1351 1717 cum
1377 1673 1449 1718 in—

68 1741 187 1786 fideli
220 1743 422 1799 conjuge,
457 1739 534 1801 qui
563 1754 651 1782 non
684 1737 819 1782 habet
853 1754 1013 1784 veram.
1055 1738 1158 1784 Ideo
1199 1751 1342 1786 autem
1369 1760 1448 1788 nec

65 1810 210 1870 juberi
234 1809 480 1855 debuerunt
494 1807 641 1852 fideles
659 1808 713 1852 ab
733 1806 985 1853 infidelibus
1013 1811 1218 1871 separari,
1242 1812 1344 1874 quia
1361 1830 1448 1857 nou

69 1891 218 1927 contra
252 1880 488 1939 jussionem
535 1877 712 1924 Domini
749 1878 926 1938 gentiles
957 1878 1129 1924 fuerant
1167 1882 1297 1927 ambo
1339 1900 1450 1927 con-

63 1950 222 2011 juncti.

132 2021 254 2067 XXI.
298 2018 518 2076 Quoniam
541 2035 640 2076 ergo
668 2019 724 2062 ab
748 2018 915 2063 infideli
936 2018 1107 2063 fidelem
1136 2019 1355 2066 discedere
1371 2040 1448 2067 nec

67 2092 275 2156 prohibet
297 2107 376 2136 nec
389 2090 518 2149 jubet
539 2088 770 2143 Dominus,
793 2088 890 2133 ideo
916 2100 964 2134 ut
989 2107 1074 2134 non
1093 2090 1288 2137 discedat
1312 2095 1448 2156 Apos-

68 2163 181 2207 tolus
205 2160 330 2216 dicit,
357 2177 446 2205 non
473 2158 686 2204 Dominus
705 2175 714 2202 :
731 2157 897 2203 habens
920 2159 1068 2222 utique
1091 2160 1305 2223 Spiritum
1326 2181 1449 2208 sane-

69 2243 182 2287 tum,
213 2232 259 2275 in
289 2247 376 2293 quo
404 2229 506 2275 dare
536 2238 679 2290 posset
701 2228 805 2273 utile
829 2239 870 2274 et
899 2229 1026 2274 fidele
1049 2231 1291 2279 consilium.
1324 2234 1449 2278 l'nde,

68 2318 170 2348 cum
188 2299 358 2345 dixisset
379 2299 431 2343 de
452 2298 646 2354 muliere,
670 2302 795 2358 cujus
811 2300 877 2345 vir
899 2310 1094 2346 mortuus
1113 2300 1244 2346 fuerit
1265 2319 1276 2346 ι
1297 2324 1316 2343 (ι
1332 2304 1447 2348 Bea-

68 2393 89 2414 ›>
109 2372 194 2416 tior
222 2380 364 2416 autem
398 2369 478 2415 erit
495 2404 506 2423 ‚
539 2368 573 2413 si
603 2369 664 2414 sic
696 2370 998 2430 permanserit,
1022 2371 1275 2416 ‚secundum
1300 2389 1445 2418 meum

70 2463 92 2484 ›>
111 2439 365 2487 consilium-⁹³
387 2457 398 2484 ε
421 2455 511 2483 »ne
533 2438 630 2502 quis
661 2438 749 2484 hoc
783 2438 1013 2485 consilium
1046 2451 1252 2503 tanquam
1282 2440 1445 2487 huma-

69 2527 177 2557 num
195 2548 207 2567 ,
241 2526 330 2556 non
373 2509 571 2555 divinum
611 2508 980 2554 contemnendum
1020 2519 1211 2572 putaret,
1253 2509 1410 2570 adjecit
1432 2530 1442 2557 :

117 2596 129 2619 ¹
148 2598 233 2627 Dent
262 2605 318 2631 vu,
334 2595 362 2624 3.
377 2611 422 2618 ——
437 2592 453 2615 2
472 2596 564 2626 Rom.
585 2604 651 2633 xiv,
671 2594 727 2626 23.
743 2610 789 2617 —
807 2591 820 2615 3
842 2605 853 2624 1
876 2594 951 2625 Cor.
972 2604 1027 2632 vn,
1050 2599 1101 2629 40.

1263 2647 1283 2654 -r

232 2661 419 2691 (xxxin.
1230 2661 1287 2691 23
