1758 3246
308 299 364 329 DE
402 295 570 334 SANCTA
603 295 925 337 VIRGINITATE‚
963 297 1050 328 LIB.
1094 298 1123 328 1.
1329 298 1421 346 290

48 373 193 413 tantur
230 363 344 409 enim
388 361 535 425 potius
558 377 690 423 quam
724 360 1008 406 exhortantur
1042 362 1227 421 virgines
1261 379 1417 419 sacras,

47 434 122 496 qui
139 451 206 479 eas
220 434 280 479 sic
298 448 546 496 permanere
570 431 823 494 nuptiarum
842 431 1117 476 damnatione
1129 432 1413 494 compellunt.

46 503 172 548 [nde
194 503 306 549 enim
331 500 551 546 confidant
570 517 719 546 verum
738 517 824 545 esse
848 500 969 563 quod
989 500 1201 562 scriptum
1222 511 1302 545 est:
1329 523 1347 542 «
1367 504 1423 548 Et

49 565 68 614 i>
85 574 160 636 qui
183 590 270 618 non
293 571 368 617 dat
387 582 602 633 nuptum,
628 571 780 616 melius
818 571 950 623 faeit3
982 592 1002 612 n
1033 571 1067 615 si
1085 570 1240 616 falsum
1263 582 1422 634 putant

45 659 130 705 esse
154 642 274 706 quod
287 645 409 701 juxta
433 641 630 703 superius
659 641 944 686 nihilominus
964 641 1178 703 scriptum
1209 651 1297 686 est:
1326 662 1346 681 ι(
1362 642 1418 686 Et

0 742 1 771 ζ
45 732 66 762 2>
91 712 165 774 qui
183 711 258 756 dat
277 711 488 770 virginem
509 727 630 755 suam
648 746 659 766 ‚
682 711 792 755 bene
809 710 973 756 sacit1?
995 711 1039 755 Si
1063 721 1205 756 autem
1225 710 1422 773 loquenti

0 773 1 786 ἢ
44 781 285 843 Scriptura}
316 780 370 825 de
395 780 652 842 nuptiarum
675 779 793 825 bono
812 780 1115 826 indubitanter
1133 780 1418 835 crediderint,

0 874 1 882 ¹
42 851 192 897 eadem
210 850 394 897 eoelestis
414 851 574 914 eloquii
597 851 865 897 veracissima
883 857 1138 898 auctoritate
1161 853 1344 896 firmatae
1363 850 1419 895 ad

42 920 195 966 melius
219 938 343 966 suum
376 919 557 966 ferventi
594 938 642 966 ac
667 921 818 966 fidenti
856 922 1076 967 alacritate
1102 931 1411 966 transcurrent.

42 990 168 1035 Unde
176 994 267 1049 jam
288 991 386 1035 satis
406 1007 487 1053 pro
511 1001 712 1052 suscepto
730 992 901 1050 negotio
916 991 1101 1036 diximus
1117 1028 1127 1045 ‚
1151 1002 1192 1035 et
1206 1001 1422 1053 quantum

41 1059 264 1122 potuimus
285 1059 694 1114 demonstravi1nus‚
713 1077 791 1104 nec
817 1061 926 1105 illud
946 1060 1065 1122 quod
1083 1061 1142 1105 ait
1163 1060 1415 1122 Apostolus:

41 1149 63 1170 «
89 1130 293 1174 Existimo
317 1140 458 1174 autem
474 1129 560 1174 hoc
576 1130 743 1174 bonum
768 1147 853 1173 esse
873 1140 1055 1192 propter
1070 1141 1327 1191 praesentem
1346 1148 1418 1175 ne-

41 1219 62 1240 »
88 1199 325 1244 cessitatem
351 1200 388 1253 2,
407 1220 427 1240 >2
458 1198 518 1242 sic
540 1214 626 1242 esse
650 1197 958 1260 accipiendum
974 1235 984 1254 ,
1009 1210 1216 1261 tanquam
1258 1200 1303 1245 in
1330 1200 1417 1244 hoc

41 1268 198 1313 saeculo
217 1267 411 1312 meliores
435 1268 518 1311 sint
539 1283 671 1312 sacrae
697 1267 882 1326 virgines
912 1268 1114 1314 fidelibus
1140 1270 1382 1329 conjugatis
1401 1305 1413 1324 ‚

39 1328 86 1382 in
101 1353 231 1396 regno
259 1347 401 1381 autem
422 1336 637 1382 coelorum
669 1347 797 1399 atque
836 1338 880 1382 in
919 1337 1067 1383 futuro
1099 1339 1260 1383 saeculo
1295 1356 1420 1401 pares

41 1406 150 1451 sint:
174 1423 253 1451 nec
271 1406 382 1451 illud
409 1406 487 1451 ubi
506 1406 566 1450 ait
600 1405 653 1450 de
682 1407 980 1452 nubentibus:
1025 1429 1045 1448 c<
1065 1408 1415 1453 'I‘ribulationem

40 1497 63 1520 »
80 1487 220 1522 autem
251 1476 392 1521 carnis
416 1476 648 1521 habebunt
671 1476 957 1535 hujusmodi,
998 1495 1075 1537 ego
1110 1488 1251 1523 autem
1293 1478 1418 1523 vobis

40 1567 61 1596 .›>
79 1563 214 1610 parco
234 1546 270 1599 3,
299 1567 318 1587 υ
341 1546 400 1590 ita
429 1545 760 1604 intelligendum
782 1557 992 1610 tanquam
1026 1548 1280 1610 nuptiarum
1309 1564 1418 1610 pec-

0 1637 2 1682 ξ
38 1627 185 1672 catum
201 1626 242 1661 et
262 1615 584 1662 damnationem
606 1616 813 1661 maluerit
838 1628 976 1662 tacere
991 1634 1124 1679 quam
1149 1617 1305 1663 dicere.
1330 1618 1419 1662 Ha-

0 1692 2 1745 i
38 1703 136 1732 rum
153 1687 319 1750 quippe
343 1685 530 1731 duarum
558 1686 869 1731 sententiarum
894 1686 1080 1746 singulas
1095 1723 1105 1741 ,
1143 1686 1231 1731 duo
1255 1704 1418 1732 errores

0 1756 5 1819 i
39 1756 212 1801 sibimet
235 1756 442 1801 contrarii
473 1772 560 1800 non
590 1772 657 1800 eas
690 1756 972 1816 intelligendo
1005 1767 1250 1803 tenuerunt.
1291 1756 1419 1802 Illam

1 1830 5 1890 i
38 1825 214 1877 ‚enimde
227 1826 433 1888 praesenti
452 1825 702 1870 necessitate
719 1826 785 1871 illi
807 1843 888 1889 pro
909 1844 950 1871 se
968 1828 1327 1890 interpretantur,
1343 1828 1420 1890 qui

2 1893 12 1959 ἐξ
37 1897 249 1957 pubentes
261 1914 350 1941 non
367 1896 636 1940 nubentibus
661 1913 841 1959 aequare
866 1898 1164 1942 contendunt:
1181 1898 1296 1943 hanc
1317 1915 1417 1943 vero

3 1951 13 2033 ,ι
38 1966 116 2018 ubi
143 1965 308 2012 dictum
346 1976 435 2011 est:
466 1968 593 2024 «Ego
620 1976 763 2010 autem
787 1967 912 2012 vobis
935 1984 1068 2030 pareo
1085 2005 1095 2023 ‚
1114 1989 1134 2009 υ
1159 1968 1220 2013 illi
1238 1968 1313 2031 qui
1330 1985 1418 2013 nu—

2 2040 7 2116 5
36 2035 186 2088 ,bentes
236 2036 444 2081 damnare
493 2047 780 2099 praesumunt.
840 2037 927 2082 Nos
982 2049 1126 2083 autem
1177 2039 1418 2084 secundum

3 2124 8 2171 1
37 2105 365 2168 §eri1)tura1·uin
383 2116 629 2150 sanctarum
659 2106 790 2151 fidem
808 2124 1043 2170 sanamque
1062 2108 1415 2164 doetrinammce

4 2173 9 2233 i
36 2186 266 2238 peceatum
281 2193 366 2221 esse
390 2176 576 2221 dicimus
598 2177 788 2240 nuptias,
824 2188 865 2222 et
889 2195 1036 2223 earum
1065 2189 1210 2224 tamen
1249 2181 1417 2225 bonum

5 2237 10 2311 i
35 2263 124 2299 non
144 2246 284 2292 solum
303 2246 415 2292 infra
436 2247 705 2306 virginalem,
732 2249 1016 2294 verumetiam
1058 2249 1170 2295 infra
1199 2250 1416 2296 vidualem

8 2378 10 2383 ,
36 2316 343 2370 continentiam
367 2317 693 2372 constituimus3
732 2330 1079 2383 praesentemque
1118 2322 1414 2366 necessitatem

8 2445 11 2453 .
36 2389 371 2449 ponjtlgatoriim
386 2423 397 2443 ‚
436 2405 523 2432 non
548 2388 726 2450 quidem
746 2389 801 2434 ad
825 2390 960 2435 vitam
984 2401 1217 2444 aeternam;
1244 2408 1415 2436 verum-

8 2462 13 2518 }
37 2464 180 2518 tamen
220 2456 275 2501 ad
295 2456 566 2503 excellentem
594 2458 774 2517 gloriam
795 2470 836 2504 et
859 2460 1068 2505 honorem
1096 2461 1172 2523 qui
1194 2471 1416 2522 perpetuae

9 2524 316 2590 {gonfinentiae
350 2538 607 2585 reservatur,
634 2528 846 2592 impedire
881 2547 1030 2577 eorum
1066 2530 1269 2576 meritum
1300 2529 1414 2577 dici-

87 2609 97 2630 ¹
121 2621 132 2638 1
154 2611 225 2642 Cor.
242 2620 301 2652 vu,
323 2611 382 2643 38.
398 2628 442 2633 -
460 2609 475 2632 2
493 2610 577 2643 Ibid.
599 2613 654 2646 26.
671 2629 716 2635 --
731 2610 744 2633 3
765 2612 837 2644 Ibid
866 2614 920 2644 28.

16 2609 21 2826 J}

17 3058 26 3246 j
