1758 3246
328 313 382 343 DE
420 311 584 341 sAxcu
623 310 910 340 viactxi‘ri'rtt
933 331 942 340 .
984 313 1067 342 tw..
1112 313 1141 342 1.
1349 299 1436 346 Ριξξι

72 400 92 419 »
114 378 189 440 qui
209 377 397 422 custodit
411 374 578 422 eam‘l.»
596 375 711 420 Etde
724 376 818 438 ipsa
835 376 1099 421 continentia
1115 377 1293 440 loquens
1308 382 1442 443 Apos-

71 448 183 493 tolus
197 449 275 493 ait:
289 446 420 492 «Volo
431 456 573 491 autem
588 462 734 491 omnes
748 445 943 490 homines
961 463 1046 491 esse
1057 447 1169 492 sicut
1183 466 1250 493 me
1268 451 1411 512 ipsum
1427 473 1439 504 ;

71 538 91 559 »
116 518 188 563 sed
213 516 508 579 unusquisque
531 515 762 578 proprium
783 515 948 560 donum
971 515 1107 560 habet
1132 534 1155 562 a
1184 518 1274 563 Deo
1298 557 1309 574 ,
1340 520 1446 567 alius

70 610 90 629 ›>
114 587 290 652 quidem
311 587 371 631 sic
386 623 398 641 ‚
428 586 537 632 alius
577 596 721 631 autem
760 585 820 631 sic
839 585 872 631 2.
888 606 909 626 »
932 585 1041 641 Quis
1057 603 1157 646 ergo
1179 586 1314 633 donat
1333 590 1447 637 ista?

71 658 179 714 Quis
205 656 428 702 distribuit
460 657 641 719 propria
680 656 916 719 unicuique
941 655 1053 700 sicut
1084 656 1245 703 vult-⁹1?
1281 658 1447 722 Nempe

71 729 203 781 Deus,
225 726 476 789 apudquem
497 742 585 770 non
603 736 666 771 est
681 725 899 788 iniquitas
925 727 988 770 Ac
1002 743 1080 788 per
1094 725 1180 772 hoc
1197 744 1283 790 qua
1305 730 1449 791 aequi-

69 807 155 842 tate
170 796 241 841 ille
257 796 386 841 faciat
398 795 500 840 alios
523 795 583 840 sic
597 832 608 848 ‚
639 795 741 841 alios
766 805 910 840 autem
932 794 1032 851 sic&
1049 795 1216 841 homini
1236 814 1358 843 nosse
1375 811 1450 845 aut

68 865 351 929 impossibile,
367 875 440 911 aut
453 866 630 910 omnino
655 864 830 910 difficile
849 875 911 910 est
930 882 940 909 ε
958 865 1064 927 quin
1086 876 1228 912 tamen
1245 868 1450 931 aequitate

68 935 221 991 faciat,
239 935 441 980 dubitare
471 934 534 980 fas
571 952 659 980 non
686 945 762 982 est.
797 934 956 991 «Quid
987 936 1134 998 itaque
1165 936 1301 982 habes
1331 939 1450 1001 quod

71 1027 91 1048 »
112 1024 198 1052 non
226 1005 429 1068 accepisti
445 1004 462 1032 5
485 1008 504 1050 9
533 1025 554 1046 ))
581 1015 653 1049 aut
679 1021 765 1067 qua
790 1004 1066 1067 perversitate
1099 1006 1240 1051 minus
1275 1006 1418 1065 diligis
1438 1046 1448 1063 ‚

71 1094 93 1122 a
112 1093 199 1140 quo
220 1075 406 1137 amplius
437 1075 660 1136 accepisti.

134 1147 274 1192 XLII.
319 1146 600 1208 Quapropter
619 1144 717 1188 haec
742 1144 884 1207 prima
913 1145 967 1189 sit
988 1144 1228 1191 induendae
1263 1148 1452 1194 humiti-

74 1217 169 1262 tatis
188 1216 392 1275 cogitatio
407 1251 418 1269 ‚
446 1232 500 1258 ne
515 1232 537 1258 a
556 1231 596 1258 se
615 1214 696 1258 sibi
714 1224 840 1275 putet
856 1231 944 1259 esse
969 1215 1048 1259 Dei
1072 1216 1194 1274 virgo
1218 1218 1337 1279 quod
1357 1220 1451 1265 talis

70 1297 149 1341 est,
177 1303 226 1330 ac
251 1302 337 1329 non
361 1283 507 1346 potius
531 1283 618 1327 hoc
640 1282 806 1328 donum
833 1284 1049 1346 optimum
1071 1284 1258 1348 desuper
1276 1286 1450 1333 descen-

71 1355 170 1400 dere
212 1372 235 1398 a
278 1355 405 1398 Patre
433 1352 650 1397 luminum
672 1353 708 1408 ⁰,
742 1352 864 1414 apud
887 1369 1013 1415 quem
1039 1371 1127 1398 non
1145 1365 1206 1399 est
1232 1365 1449 1403 transmu-

73 1426 199 1480 tatio,
227 1441 306 1469 nec
342 1423 552 1468 momenti
574 1423 871 1469 obumbratio.
914 1424 979 1468 Ita
1007 1424 1122 1469 enim
1155 1442 1244 1470 non
1266 1429 1444 1488 putabit

71 1495 292 1541 modicum
307 1494 390 1538 sibi
406 1510 492 1538 esse
507 1493 751 1548 dimissum,
772 1504 821 1538 ut
838 1493 1061 1539 modicum
1079 1494 1250 1554 diligat,
1270 1508 1312 1541 et
1329 1498 1450 1557 igno-

71 1583 168 1611 rans
199 1566 274 1610 Dei
312 1563 524 1622 justitiam
553 1580 601 1608 ac
626 1580 747 1608 suam
771 1563 918 1608 volens
935 1564 1194 1609 constituere
1213 1602 1223 1620 ‚
1263 1568 1446 1625 J'ustitize

73 1636 150 1680 liei
177 1652 263 1679 non
290 1632 590 1692 subjiziiatuiff.
626 1633 676 1676 ln
695 1649 782 1696 quo
807 1633 913 1678 vitio
930 1643 1019 1678 erat
1038 1633 1188 1679 Simon
1207 1634 1298 1691 ille,
1315 1653 1447 1699 quem

72 1704 290 1767 superavit
331 1702 485 1747 mulier
511 1702 582 1746 cui
606 1701 780 1746 dimissa
818 1712 919 1746 sunt
946 1713 1125 1765 peccata
1148 1703 1302 1760 multa,
1333 1723 1435 1768 quo-

72 1775 187 1819 niam
221 1773 368 1818 dilexit
387 1771 621 1818 multumss.
669 1771 753 1816 Sed
788 1772 955 1817 cautius
976 1783 1017 1817 ct
1038 1773 1180 1818 verius
1205 1775 1447 1834 cogitabit,

72 1845 216 1890 onmia
240 1852 419 1906 peccata
444 1841 504 1886 sic
526 1840 732 1886 habenda
753 1851 960 1904 tanquam
988 1842 1282 1899 dimittantur,
1307 1863 1330 1890 a
1353 1848 1450 1909 qui·

71 1915 154 1960 bus
171 1916 287 1958 Deus
316 1911 506 1957 custodit
541 1928 595 1955 ne
632 1911 976 1958 committantur.
1023 1913 1167 1958 Testes
1189 1925 1289 1959 sunt
1323 1933 1448 1962 voces

71 1985 244 2048 piarum
263 1981 619 2045 deprecationum
640 1981 686 2025 in
705 1980 943 2043 Scripturis
972 1982 1129 2027 sanctis
1143 2019 1153 2037 ‚
1186 1983 1347 2046 quibus
1374 2003 1448 2030 os-

71 2054 266 2101 tenditur
289 2071 336 2099 ca
353 2052 468 2115 ipsa,
491 2068 590 2114 quae
602 2051 926 2114 praecipiuntur
950 2069 972 2096 a
991 2053 1082 2097 Deo
1097 2089 1106 2105 ,
1141 2070 1228 2097 non
1250 2055 1342 2100 fieri
1367 2057 1445 2101 nisi

73 2126 202 2172 dante
235 2134 363 2186 atquo
397 2121 629 2180 adjuvante
661 2120 737 2183 qui
778 2121 998 2184 praecipit.
1042 2121 1310 2168 Mendaciter
1332 2126 1447 2170 enim

72 2205 300 2261 petuntur,
321 2193 355 2238 si
372 2210 419 2237 ea
432 2208 521 2236 non
536 2190 768 2250 adjuvante
787 2195 878 2250 ejus
896 2191 1031 2250 gratia
1045 2191 1186 2236 facere
1204 2210 1439 2254 possemus,

75 2264 196 2321 Quid
215 2275 302 2309 tam
325 2260 575 2322 generaliter
595 2261 776 2305 maxime
794 2261 1071 2324 praecipitui·‚
1095 2278 1226 2325 quam
1243 2263 1447 2310 obedien-

74 2335 132 2380 tia
156 2351 242 2397 qua
259 2331 568 2379 custodiuntur
592 2330 796 2376 mandata
821 2331 901 2376 Dei
917 2334 935 2376 Ξ)
961 2332 1016 2376 Et
1040 2342 1183 2376 tamen
1218 2332 1333 2378 hanc
1372 2335 1446 2379 in-

74 2405 269 2451 venimus
289 2401 463 2465 optari:
491 2402 614 2456 «Tu,
636 2400 781 2464 inquit
798 2437 809 2457 ,
847 2402 1097 2464 praecepisti
1128 2402 1333 2448 mandata
1370 2415 1446 2451 tua

75 2496 96 2516 υ
122 2472 334 2520 custodiri
348 2471 490 2517 nimis.
515 2492 536 2512 ›>
556 2470 722 2517 Deinde
755 2472 974 2534 sequitur:
1005 2493 1023 2512 c<
1049 2473 1225 2517 Utinam
1248 2471 1447 2532 dirigan-

124 2559 135 2580 ¹
156 2557 235 2590 Psal.
250 2565 357 2592 cxxvr,
379 2567 405 2585 1.
421 2572 467 2578 —-
483 2553 499 2576 2
517 2566 529 2585 1
549 2556 626 2588 Cor.
642 2566 704 2597 vu,
731 2567 816 2595 7.-
831 2552 846 2576 3
862 2555 910 2587 td.
926 2566 984 2591 xxx,
1008 2566 1058 2585 11.
1074 2572 1118 2578 —
1134 2551 1147 2574 ⁴
1162 2556 1259 2585 Rom.
1277 2565 1325 2598 xx,
1351 2563 1455 2594 14,-

79 2609 93 2632 5
117 2622 127 2641 ι
149 2612 225 2642 Cor.
240 2620 286 2645 xv,
308 2620 338 2647 7.
353 2625 398 2631 —-
415 2603 555 2639 ⁶Jacol».
570 2619 598 2651 x,
621 2619 675 2646 17.
690 2625 735 2630 —
750 2607 763 2629 7
782 2611 874 2639 Rom.
897 2618 930 2651 x,
955 2609 985 2641 3.
1001 2623 1045 2629 -
1066 2602 1079 2626 S
1093 2608 1168 2638 Luc.
1189 2617 1246 2641 vu,
1267 2614 1317 2643 4ο.

215 2677 401 2709 CX'X'XIH.
1272 2677 1323 2707 21
