<?xml version="1.0" encoding="UTF-8"?>
<!DOCTYPE html PUBLIC "-//W3C//DTD XHTML 1.0 Transitional//EN"
    "http://www.w3.org/TR/xhtml1/DTD/xhtml1-transitional.dtd">
<html xmlns="http://www.w3.org/1999/xhtml" xml:lang="en" lang="en">
 <head>
  <title>
</title>
<meta http-equiv="Content-Type" content="text/html;charset=utf-8" />
  <meta name='ocr-system' content='tesseract 3.04.00' />
  <meta name='ocr-capabilities' content='ocr_page ocr_carea ocr_par ocr_line ocrx_word'/>
</head>
<body>
  <div class='ocr_page' id='page_1' title='image "./operaomniaaccura26auguuoft/operaomniaaccura26auguuoft_0289.png"; bbox 0 0 1758 3246; ppageno 0'>
   <div class='ocr_carea' id='block_1_1' title="bbox 427 316 1476 379">
    <p class='ocr_par' dir='ltr' id='par_1_1' title="bbox 427 316 1476 379">
     <span class='ocr_line' id='line_1_1' title="bbox 427 316 1476 379; baseline 0.006 -23"><span class='ocrx_word' id='word_1_1' title='bbox 427 324 482 357; x_wconf 79' lang='lat' dir='ltr'>DE</span> <span class='ocrx_word' id='word_1_2' title='bbox 520 326 642 357; x_wconf 73' lang='grc' dir='ltr'>110Νο</span> <span class='ocrx_word' id='word_1_3' title='bbox 678 325 947 366; x_wconf 60' lang='lat' dir='ltr'>commum,</span> <span class='ocrx_word' id='word_1_4' title='bbox 987 328 1073 359; x_wconf 75' lang='lat' dir='ltr'>Lm.</span> <span class='ocrx_word' id='word_1_5' title='bbox 1119 331 1146 360; x_wconf 86' lang='grc'>1.</span> <span class='ocrx_word' id='word_1_6' title='bbox 1384 316 1476 379; x_wconf 75' lang='lat'>275</span> 
     </span>
    </p>
   </div>
   <div class='ocr_carea' id='block_1_2' title="bbox 90 390 1482 1087">
    <p class='ocr_par' dir='ltr' id='par_1_2' title="bbox 90 390 1482 1087">
     <span class='ocr_line' id='line_1_2' title="bbox 99 390 1479 450; baseline 0.004 -15"><span class='ocrx_word' id='word_1_7' title='bbox 99 390 317 437; x_wconf 84' lang='lat' dir='ltr'>Dominus</span> <span class='ocrx_word' id='word_1_8' title='bbox 342 391 405 438; x_wconf 92' lang='lat' dir='ltr'>ibi</span> <span class='ocrx_word' id='word_1_9' title='bbox 423 391 633 450; x_wconf 81' lang='lat' dir='ltr'>subjecit,</span> <span class='ocrx_word' id='word_1_10' title='bbox 659 408 759 436; x_wconf 88' lang='lat' dir='ltr'>eum</span> <span class='ocrx_word' id='word_1_11' title='bbox 785 390 838 436; x_wconf 89' lang='lat' dir='ltr'>de</span> <span class='ocrx_word' id='word_1_12' title='bbox 858 391 1026 436; x_wconf 84' lang='lat' dir='ltr'>Joanue</span> <span class='ocrx_word' id='word_1_13' title='bbox 1044 409 1094 437; x_wconf 84' lang='lat' dir='ltr'>ac</span> <span class='ocrx_word' id='word_1_14' title='bbox 1115 393 1168 438; x_wconf 90' lang='lat' dir='ltr'>de</span> <span class='ocrx_word' id='word_1_15' title='bbox 1193 410 1232 439; x_wconf 89' lang='lat' dir='ltr'>se</span> <span class='ocrx_word' id='word_1_16' title='bbox 1255 393 1327 440; x_wconf 88' lang='lat' dir='ltr'>illa</span> <span class='ocrx_word' id='word_1_17' title='bbox 1352 394 1479 441; x_wconf 86' lang='lat' dir='ltr'>dixis·</span> 
     </span>
     <span class='ocr_line' id='line_1_3' title="bbox 98 461 1482 524; baseline 0.005 -19"><span class='ocrx_word' id='word_1_18' title='bbox 98 472 164 505; x_wconf 89' lang='lat' dir='ltr'>set</span> <span class='ocrx_word' id='word_1_19' title='bbox 186 479 197 506; x_wconf 77' lang='lat'>2</span> <span class='ocrx_word' id='word_1_20' title='bbox 219 483 239 503; x_wconf 75' lang='grc' dir='ltr'>α</span> <span class='ocrx_word' id='word_1_21' title='bbox 257 462 281 505; x_wconf 84' lang='lat' dir='ltr'>J</span> <span class='ocrx_word' id='word_1_22' title='bbox 288 462 501 506; x_wconf 82' lang='lat' dir='ltr'>ustificata</span> <span class='ocrx_word' id='word_1_23' title='bbox 518 471 580 506; x_wconf 89' lang='lat' dir='ltr'>est</span> <span class='ocrx_word' id='word_1_24' title='bbox 594 497 606 516; x_wconf 89' lang='lat'>,</span> <span class='ocrx_word' id='word_1_25' title='bbox 630 461 797 524; x_wconf 82' lang='lat' dir='ltr'>inquit,</span> <span class='ocrx_word' id='word_1_26' title='bbox 829 461 1036 524; x_wconf 82' lang='lat' dir='ltr'><strong>sapientia</strong></span> <span class='ocrx_word' id='word_1_27' title='bbox 1055 479 1079 507; x_wconf 86' lang='lat' dir='ltr'>a</span> <span class='ocrx_word' id='word_1_28' title='bbox 1096 462 1196 508; x_wconf 87' lang='lat' dir='ltr'>filiis</span> <span class='ocrx_word' id='word_1_29' title='bbox 1215 464 1314 511; x_wconf 88' lang='lat' dir='ltr'>suis.</span> <span class='ocrx_word' id='word_1_30' title='bbox 1342 486 1362 506; x_wconf 89' lang='lat'>))</span> <span class='ocrx_word' id='word_1_31' title='bbox 1390 465 1482 522; x_wconf 86' lang='lat' dir='ltr'>Qui</span> 
     </span>
     <span class='ocr_line' id='line_1_4' title="bbox 97 531 1477 596; baseline 0.004 -20"><span class='ocrx_word' id='word_1_32' title='bbox 97 531 249 576; x_wconf 79' lang='lat' dir='ltr'>vident</span> <span class='ocrx_word' id='word_1_33' title='bbox 271 531 550 577; x_wconf 83' lang='lat' dir='ltr'>continentiae</span> <span class='ocrx_word' id='word_1_34' title='bbox 573 531 779 577; x_wconf 54' lang='lat' dir='ltr'>x‘irtutem</span> <span class='ocrx_word' id='word_1_35' title='bbox 800 531 847 577; x_wconf 88' lang='lat' dir='ltr'>in</span> <span class='ocrx_word' id='word_1_36' title='bbox 864 531 1024 577; x_wconf 78' lang='lat' dir='ltr'>habitu</span> <span class='ocrx_word' id='word_1_37' title='bbox 1045 533 1177 578; x_wconf 80' lang='lat' dir='ltr'>animi</span> <span class='ocrx_word' id='word_1_38' title='bbox 1197 549 1366 596; x_wconf 87' lang='lat' dir='ltr'>semper</span> <span class='ocrx_word' id='word_1_39' title='bbox 1391 552 1477 581; x_wconf 86' lang='lat' dir='ltr'>esse</span> 
     </span>
     <span class='ocr_line' id='line_1_5' title="bbox 97 601 1473 668; baseline 0.002 -21"><span class='ocrx_word' id='word_1_40' title='bbox 97 601 253 647; x_wconf 84' lang='lat' dir='ltr'>debere</span> <span class='ocrx_word' id='word_1_41' title='bbox 272 638 282 658; x_wconf 83' lang='lat'>,</span> <span class='ocrx_word' id='word_1_42' title='bbox 303 602 350 647; x_wconf 90' lang='lat' dir='ltr'>in</span> <span class='ocrx_word' id='word_1_43' title='bbox 377 619 506 665; x_wconf 87' lang='lat' dir='ltr'>opere</span> <span class='ocrx_word' id='word_1_44' title='bbox 525 612 666 648; x_wconf 89' lang='lat' dir='ltr'>autem</span> <span class='ocrx_word' id='word_1_45' title='bbox 687 620 768 665; x_wconf 88' lang='lat' dir='ltr'>pro</span> <span class='ocrx_word' id='word_1_46' title='bbox 788 619 933 648; x_wconf 88' lang='lat' dir='ltr'>rerum</span> <span class='ocrx_word' id='word_1_47' title='bbox 950 620 1000 649; x_wconf 88' lang='lat' dir='ltr'>ac</span> <span class='ocrx_word' id='word_1_48' title='bbox 1028 613 1278 666; x_wconf 89' lang='lat' dir='ltr'>temporum</span> <span class='ocrx_word' id='word_1_49' title='bbox 1301 621 1473 668; x_wconf 85' lang='lat' dir='ltr'>oppor-</span> 
     </span>
     <span class='ocr_line' id='line_1_6' title="bbox 96 671 1477 735; baseline 0.004 -19"><span class='ocrx_word' id='word_1_50' title='bbox 96 672 281 718; x_wconf 83' lang='lat' dir='ltr'>tunitate</span> <span class='ocrx_word' id='word_1_51' title='bbox 304 671 568 717; x_wconf 83' lang='lat' dir='ltr'>manifestari</span> <span class='ocrx_word' id='word_1_52' title='bbox 603 690 614 717; x_wconf 88' lang='lat'>:</span> <span class='ocrx_word' id='word_1_53' title='bbox 654 672 764 718; x_wconf 87' lang='lat' dir='ltr'>sicut</span> <span class='ocrx_word' id='word_1_54' title='bbox 798 673 936 718; x_wconf 68' lang='lat' dir='ltr'>virtus</span> <span class='ocrx_word' id='word_1_55' title='bbox 963 673 1189 735; x_wconf 84' lang='lat' dir='ltr'>patientiae</span> <span class='ocrx_word' id='word_1_56' title='bbox 1224 684 1477 721; x_wconf 80' lang='lat' dir='ltr'>sanctorum</span> 
     </span>
     <span class='ocr_line' id='line_1_7' title="bbox 92 742 1473 808; baseline 0.002 -21"><span class='ocrx_word' id='word_1_57' title='bbox 92 745 343 803; x_wconf 79' lang='lat' dir='ltr'>Martyrum</span> <span class='ocrx_word' id='word_1_58' title='bbox 381 742 426 787; x_wconf 89' lang='lat' dir='ltr'>in</span> <span class='ocrx_word' id='word_1_59' title='bbox 469 759 598 804; x_wconf 86' lang='lat' dir='ltr'>opere</span> <span class='ocrx_word' id='word_1_60' title='bbox 631 743 838 806; x_wconf 88' lang='lat' dir='ltr'>apparuit</span> <span class='ocrx_word' id='word_1_61' title='bbox 852 779 863 798; x_wconf 83' lang='lat'>‚</span> <span class='ocrx_word' id='word_1_62' title='bbox 902 753 1161 789; x_wconf 72' lang='lat' dir='ltr'>caeterorum</span> <span class='ocrx_word' id='word_1_63' title='bbox 1203 761 1304 790; x_wconf 78' lang='lat' dir='ltr'>vero</span> <span class='ocrx_word' id='word_1_64' title='bbox 1347 762 1473 808; x_wconf 84' lang='lat' dir='ltr'>aeque</span> 
     </span>
     <span class='ocr_line' id='line_1_8' title="bbox 92 812 1474 878; baseline 0.004 -23"><span class='ocrx_word' id='word_1_65' title='bbox 92 822 346 857; x_wconf 85' lang='lat' dir='ltr'>sanctorum</span> <span class='ocrx_word' id='word_1_66' title='bbox 363 813 409 857; x_wconf 91' lang='lat' dir='ltr'>in</span> <span class='ocrx_word' id='word_1_67' title='bbox 428 812 586 859; x_wconf 87' lang='lat' dir='ltr'>habitu</span> <span class='ocrx_word' id='word_1_68' title='bbox 606 813 702 860; x_wconf 86' lang='lat' dir='ltr'>fuit.</span> <span class='ocrx_word' id='word_1_69' title='bbox 741 813 962 870; x_wconf 85' lang='lat' dir='ltr'>Quocirca</span> <span class='ocrx_word' id='word_1_70' title='bbox 988 814 1100 859; x_wconf 83' lang='lat' dir='ltr'>sicut</span> <span class='ocrx_word' id='word_1_71' title='bbox 1128 831 1218 859; x_wconf 86' lang='lat' dir='ltr'>non</span> <span class='ocrx_word' id='word_1_72' title='bbox 1237 826 1299 860; x_wconf 85' lang='lat' dir='ltr'>est</span> <span class='ocrx_word' id='word_1_73' title='bbox 1329 816 1474 878; x_wconf 83' lang='lat' dir='ltr'>impar</span> 
     </span>
     <span class='ocr_line' id='line_1_9' title="bbox 90 882 1467 946; baseline 0.003 -20"><span class='ocrx_word' id='word_1_74' title='bbox 90 882 294 927; x_wconf 87' lang='lat' dir='ltr'>meritum</span> <span class='ocrx_word' id='word_1_75' title='bbox 311 882 536 945; x_wconf 86' lang='lat' dir='ltr'>patientiae</span> <span class='ocrx_word' id='word_1_76' title='bbox 556 883 602 928; x_wconf 92' lang='lat' dir='ltr'>in</span> <span class='ocrx_word' id='word_1_77' title='bbox 622 885 751 928; x_wconf 87' lang='lat' dir='ltr'>Petro</span> <span class='ocrx_word' id='word_1_78' title='bbox 775 884 851 946; x_wconf 89' lang='lat' dir='ltr'>qui</span> <span class='ocrx_word' id='word_1_79' title='bbox 877 900 1024 946; x_wconf 87' lang='lat' dir='ltr'>passus</span> <span class='ocrx_word' id='word_1_80' title='bbox 1055 895 1147 940; x_wconf 82' lang='lat' dir='ltr'>est,</span> <span class='ocrx_word' id='word_1_81' title='bbox 1169 895 1212 930; x_wconf 88' lang='lat' dir='ltr'>et</span> <span class='ocrx_word' id='word_1_82' title='bbox 1229 886 1274 930; x_wconf 92' lang='lat' dir='ltr'>in</span> <span class='ocrx_word' id='word_1_83' title='bbox 1297 885 1320 929; x_wconf 85' lang='lat' dir='ltr'>J</span> <span class='ocrx_word' id='word_1_84' title='bbox 1327 902 1467 930; x_wconf 87' lang='lat' dir='ltr'>oanne</span> 
     </span>
     <span class='ocr_line' id='line_1_10' title="bbox 91 952 1469 1019; baseline 0.002 -23"><span class='ocrx_word' id='word_1_85' title='bbox 91 952 166 1013; x_wconf 90' lang='lat' dir='ltr'>qui</span> <span class='ocrx_word' id='word_1_86' title='bbox 183 969 332 1014; x_wconf 85' lang='lat' dir='ltr'>passus</span> <span class='ocrx_word' id='word_1_87' title='bbox 350 970 439 997; x_wconf 89' lang='lat' dir='ltr'>non</span> <span class='ocrx_word' id='word_1_88' title='bbox 458 964 519 999; x_wconf 87' lang='lat' dir='ltr'>est</span> <span class='ocrx_word' id='word_1_89' title='bbox 542 971 553 999; x_wconf 78' lang='lat' dir='ltr'>t</span> <span class='ocrx_word' id='word_1_90' title='bbox 578 954 638 999; x_wconf 87' lang='lat' dir='ltr'>sic</span> <span class='ocrx_word' id='word_1_91' title='bbox 656 971 746 999; x_wconf 90' lang='lat' dir='ltr'>non</span> <span class='ocrx_word' id='word_1_92' title='bbox 765 965 826 999; x_wconf 88' lang='lat' dir='ltr'>est</span> <span class='ocrx_word' id='word_1_93' title='bbox 849 955 994 1019; x_wconf 83' lang='lat' dir='ltr'>impar</span> <span class='ocrx_word' id='word_1_94' title='bbox 1016 954 1220 1000; x_wconf 88' lang='lat' dir='ltr'>meritum</span> <span class='ocrx_word' id='word_1_95' title='bbox 1239 955 1469 999; x_wconf 85' lang='lat' dir='ltr'>continen-</span> 
     </span>
     <span class='ocr_line' id='line_1_11' title="bbox 90 1021 1471 1087; baseline 0.004 -22"><span class='ocrx_word' id='word_1_96' title='bbox 90 1021 163 1066; x_wconf 84' lang='lat' dir='ltr'>tiae</span> <span class='ocrx_word' id='word_1_97' title='bbox 184 1021 229 1065; x_wconf 90' lang='lat' dir='ltr'>in</span> <span class='ocrx_word' id='word_1_98' title='bbox 250 1023 418 1068; x_wconf 77' lang='lat' dir='ltr'>Joamie</span> <span class='ocrx_word' id='word_1_99' title='bbox 445 1024 519 1086; x_wconf 89' lang='lat' dir='ltr'>qui</span> <span class='ocrx_word' id='word_1_100' title='bbox 542 1024 682 1069; x_wconf 83' lang='lat' dir='ltr'>nullas</span> <span class='ocrx_word' id='word_1_101' title='bbox 713 1035 912 1087; x_wconf 84' lang='lat' dir='ltr'>expertus</span> <span class='ocrx_word' id='word_1_102' title='bbox 946 1036 1008 1069; x_wconf 86' lang='lat' dir='ltr'>est</span> <span class='ocrx_word' id='word_1_103' title='bbox 1038 1023 1214 1085; x_wconf 78' lang='lat' dir='ltr'>nuptias</span> <span class='ocrx_word' id='word_1_104' title='bbox 1234 1024 1301 1085; x_wconf 86' lang='lat'>(8)</span> <span class='ocrx_word' id='word_1_105' title='bbox 1321 1060 1331 1080; x_wconf 83' lang='lat'>‚</span> <span class='ocrx_word' id='word_1_106' title='bbox 1366 1035 1408 1070; x_wconf 88' lang='lat' dir='ltr'>et</span> <span class='ocrx_word' id='word_1_107' title='bbox 1426 1025 1471 1070; x_wconf 90' lang='lat' dir='ltr'>in</span> 
     </span>
    </p>
   </div>
   <div class='ocr_carea' id='block_1_3' title="bbox 89 1090 1470 1222">
    <p class='ocr_par' dir='ltr' id='par_1_3' title="bbox 89 1090 1470 1222">
     <span class='ocr_line' id='line_1_12' title="bbox 89 1090 1467 1155; baseline 0.004 -21"><span class='ocrx_word' id='word_1_108' title='bbox 89 1090 315 1136; x_wconf 85' lang='lat' dir='ltr'>Abraham</span> <span class='ocrx_word' id='word_1_109' title='bbox 336 1091 414 1155; x_wconf 88' lang='lat' dir='ltr'>qui</span> <span class='ocrx_word' id='word_1_110' title='bbox 440 1093 549 1138; x_wconf 89' lang='lat' dir='ltr'>filios</span> <span class='ocrx_word' id='word_1_111' title='bbox 574 1095 805 1153; x_wconf 72' lang='lat' dir='ltr'>generavit.</span> <span class='ocrx_word' id='word_1_112' title='bbox 840 1095 897 1134; x_wconf 87' lang='lat' dir='ltr'>Et</span> <span class='ocrx_word' id='word_1_113' title='bbox 920 1091 1036 1135; x_wconf 83' lang='lat' dir='ltr'>illius</span> <span class='ocrx_word' id='word_1_114' title='bbox 1057 1092 1172 1136; x_wconf 84' lang='lat' dir='ltr'>enim</span> <span class='ocrx_word' id='word_1_115' title='bbox 1204 1093 1438 1139; x_wconf 80' lang='lat' dir='ltr'>coelibatus</span> <span class='ocrx_word' id='word_1_116' title='bbox 1455 1131 1467 1150; x_wconf 95' lang='lat'><strong><em>‚</em></strong></span> 
     </span>
     <span class='ocr_line' id='line_1_13' title="bbox 89 1159 1470 1222; baseline 0.004 -18"><span class='ocrx_word' id='word_1_117' title='bbox 89 1170 130 1204; x_wconf 87' lang='lat' dir='ltr'>et</span> <span class='ocrx_word' id='word_1_118' title='bbox 145 1160 260 1205; x_wconf 85' lang='lat' dir='ltr'>illius</span> <span class='ocrx_word' id='word_1_119' title='bbox 284 1162 556 1207; x_wconf 81' lang='lat' dir='ltr'>connubium</span> <span class='ocrx_word' id='word_1_120' title='bbox 575 1176 656 1222; x_wconf 92' lang='lat' dir='ltr'>pro</span> <span class='ocrx_word' id='word_1_121' title='bbox 682 1169 932 1221; x_wconf 87' lang='lat' dir='ltr'>temporum</span> <span class='ocrx_word' id='word_1_122' title='bbox 958 1159 1268 1207; x_wconf 80' lang='lat' dir='ltr'>distributione</span> <span class='ocrx_word' id='word_1_123' title='bbox 1290 1163 1470 1208; x_wconf 89' lang='lat' dir='ltr'>Christo</span> 
     </span>
    </p>
   </div>
   <div class='ocr_carea' id='block_1_4' title="bbox 77 1228 1468 2559">
    <p class='ocr_par' dir='ltr' id='par_1_4' title="bbox 88 1228 1462 1354">
     <span class='ocr_line' id='line_1_14' title="bbox 88 1228 1462 1295; baseline 0.005 -24"><span class='ocrx_word' id='word_1_124' title='bbox 88 1229 329 1272; x_wconf 81' lang='lat' dir='ltr'>militarunt</span> <span class='ocrx_word' id='word_1_125' title='bbox 371 1248 381 1272; x_wconf 87' lang='grc'><strong>;</strong></span> <span class='ocrx_word' id='word_1_126' title='bbox 421 1231 495 1273; x_wconf 86' lang='lat' dir='ltr'>sed</span> <span class='ocrx_word' id='word_1_127' title='bbox 543 1228 859 1273; x_wconf 85' lang='lat' dir='ltr'>continentiam</span> <span class='ocrx_word' id='word_1_128' title='bbox 900 1228 925 1272; x_wconf 85' lang='lat' dir='ltr'><strong>J</strong></span> <span class='ocrx_word' id='word_1_129' title='bbox 931 1245 1091 1274; x_wconf 87' lang='lat' dir='ltr'>oannes</span> <span class='ocrx_word' id='word_1_130' title='bbox 1129 1240 1172 1274; x_wconf 85' lang='lat' dir='ltr'>et</span> <span class='ocrx_word' id='word_1_131' title='bbox 1215 1230 1261 1275; x_wconf 92' lang='lat' dir='ltr'>in</span> <span class='ocrx_word' id='word_1_132' title='bbox 1307 1248 1437 1295; x_wconf 89' lang='lat' dir='ltr'>opere</span> <span class='ocrx_word' id='word_1_133' title='bbox 1451 1270 1462 1288; x_wconf 86' lang='lat'>‚</span> 
     </span>
     <span class='ocr_line' id='line_1_15' title="bbox 88 1296 1041 1354; baseline 0.002 -14"><span class='ocrx_word' id='word_1_134' title='bbox 88 1296 313 1341; x_wconf 83' lang='lat' dir='ltr'>Abraham</span> <span class='ocrx_word' id='word_1_135' title='bbox 336 1313 437 1342; x_wconf 72' lang='lat' dir='ltr'>vero</span> <span class='ocrx_word' id='word_1_136' title='bbox 462 1297 506 1342; x_wconf 89' lang='lat' dir='ltr'>in</span> <span class='ocrx_word' id='word_1_137' title='bbox 526 1297 616 1341; x_wconf 88' lang='lat' dir='ltr'>solo</span> <span class='ocrx_word' id='word_1_138' title='bbox 636 1297 796 1342; x_wconf 87' lang='lat' dir='ltr'>habitu</span> <span class='ocrx_word' id='word_1_139' title='bbox 816 1297 1041 1354; x_wconf 56' lang='lat' dir='ltr'>habebat„</span> 
     </span>
    </p>

    <p class='ocr_par' dir='ltr' id='par_1_5' title="bbox 77 1367 1468 2559">
     <span class='ocr_line' id='line_1_16' title="bbox 149 1367 1468 1430; baseline 0.006 -18"><span class='ocrx_word' id='word_1_140' title='bbox 149 1367 334 1412; x_wconf 73' lang='lat' dir='ltr'>XXVII.</span> <span class='ocrx_word' id='word_1_141' title='bbox 378 1367 459 1412; x_wconf 89' lang='lat' dir='ltr'>Illo</span> <span class='ocrx_word' id='word_1_142' title='bbox 480 1367 626 1430; x_wconf 84' lang='lat' dir='ltr'>itaque</span> <span class='ocrx_word' id='word_1_143' title='bbox 649 1378 843 1430; x_wconf 81' lang='lat' dir='ltr'>tempore</span> <span class='ocrx_word' id='word_1_144' title='bbox 862 1384 964 1413; x_wconf 88' lang='lat' dir='ltr'>cum</span> <span class='ocrx_word' id='word_1_145' title='bbox 990 1379 1032 1413; x_wconf 91' lang='lat' dir='ltr'>et</span> <span class='ocrx_word' id='word_1_146' title='bbox 1051 1368 1116 1414; x_wconf 84' lang='lat' dir='ltr'>lex</span> <span class='ocrx_word' id='word_1_147' title='bbox 1133 1406 1143 1425; x_wconf 85' lang='lat'>‚</span> <span class='ocrx_word' id='word_1_148' title='bbox 1167 1370 1257 1416; x_wconf 87' lang='lat' dir='ltr'>dies</span> <span class='ocrx_word' id='word_1_149' title='bbox 1278 1373 1468 1420; x_wconf 84' lang='lat' dir='ltr'>Patriar-</span> 
     </span>
     <span class='ocr_line' id='line_1_17' title="bbox 87 1435 1467 1502; baseline 0.007 -22"><span class='ocrx_word' id='word_1_150' title='bbox 87 1435 269 1481; x_wconf 84' lang='lat' dir='ltr'>charum</span> <span class='ocrx_word' id='word_1_151' title='bbox 293 1436 578 1499; x_wconf 81' lang='lat' dir='ltr'>subsequens,</span> <span class='ocrx_word' id='word_1_152' title='bbox 607 1437 887 1499; x_wconf 81' lang='lat' dir='ltr'>maledictum</span> <span class='ocrx_word' id='word_1_153' title='bbox 913 1437 1048 1494; x_wconf 79' lang='lat' dir='ltr'>dixit,</span> <span class='ocrx_word' id='word_1_154' title='bbox 1078 1441 1155 1502; x_wconf 91' lang='lat' dir='ltr'>qui</span> <span class='ocrx_word' id='word_1_155' title='bbox 1186 1458 1276 1487; x_wconf 87' lang='lat' dir='ltr'>non</span> <span class='ocrx_word' id='word_1_156' title='bbox 1310 1445 1467 1490; x_wconf 84' lang='lat' dir='ltr'>excita-</span> 
     </span>
     <span class='ocr_line' id='line_1_18' title="bbox 85 1507 1465 1572; baseline 0.007 -22"><span class='ocrx_word' id='word_1_157' title='bbox 85 1516 149 1551; x_wconf 87' lang='lat' dir='ltr'>ret</span> <span class='ocrx_word' id='word_1_158' title='bbox 165 1523 308 1551; x_wconf 83' lang='lat' dir='ltr'>semen</span> <span class='ocrx_word' id='word_1_159' title='bbox 327 1507 372 1551; x_wconf 89' lang='lat' dir='ltr'>in</span> <span class='ocrx_word' id='word_1_160' title='bbox 402 1507 564 1562; x_wconf 62' lang='lat' dir='ltr'>lsrael,</span> <span class='ocrx_word' id='word_1_161' title='bbox 593 1518 635 1552; x_wconf 90' lang='lat' dir='ltr'>et</span> <span class='ocrx_word' id='word_1_162' title='bbox 659 1508 736 1569; x_wconf 92' lang='lat' dir='ltr'>qui</span> <span class='ocrx_word' id='word_1_163' title='bbox 758 1519 930 1570; x_wconf 84' lang='lat' dir='ltr'>poterat</span> <span class='ocrx_word' id='word_1_164' title='bbox 970 1526 1058 1554; x_wconf 88' lang='grc'>11011</span> <span class='ocrx_word' id='word_1_165' title='bbox 1090 1512 1322 1572; x_wconf 78' lang='lat' dir='ltr'>promebat</span> <span class='ocrx_word' id='word_1_166' title='bbox 1340 1551 1350 1569; x_wconf 85' lang='lat'>‚</span> <span class='ocrx_word' id='word_1_167' title='bbox 1391 1515 1465 1560; x_wconf 87' lang='lat' dir='ltr'>sed</span> 
     </span>
     <span class='ocr_line' id='line_1_19' title="bbox 84 1576 1460 1646; baseline 0.007 -26"><span class='ocrx_word' id='word_1_168' title='bbox 84 1586 229 1620; x_wconf 81' lang='lat' dir='ltr'>tamen</span> <span class='ocrx_word' id='word_1_169' title='bbox 242 1576 477 1623; x_wconf 62' lang='lat' dir='ltr'>hahebat‘l.</span> <span class='ocrx_word' id='word_1_170' title='bbox 504 1578 564 1621; x_wconf 88' lang='lat' dir='ltr'>Ex</span> <span class='ocrx_word' id='word_1_171' title='bbox 582 1594 670 1640; x_wconf 83' lang='lat' dir='ltr'>quo</span> <span class='ocrx_word' id='word_1_172' title='bbox 688 1587 831 1622; x_wconf 81' lang='lat' dir='ltr'>autem</span> <span class='ocrx_word' id='word_1_173' title='bbox 847 1578 966 1623; x_wconf 70' lang='lat' dir='ltr'>venit</span> <span class='ocrx_word' id='word_1_174' title='bbox 982 1579 1213 1641; x_wconf 84' lang='lat' dir='ltr'>plenitudo</span> <span class='ocrx_word' id='word_1_175' title='bbox 1233 1585 1460 1646; x_wconf 81' lang='lat' dir='ltr'>temporis,</span> 
     </span>
     <span class='ocr_line' id='line_1_20' title="bbox 85 1645 1463 1717; baseline 0.007 -26"><span class='ocrx_word' id='word_1_176' title='bbox 85 1657 134 1691; x_wconf 90' lang='lat' dir='ltr'>ut</span> <span class='ocrx_word' id='word_1_177' title='bbox 152 1645 368 1692; x_wconf 83' lang='lat' dir='ltr'>diceretur</span> <span class='ocrx_word' id='word_1_178' title='bbox 389 1665 399 1692; x_wconf 91' lang='lat'>:</span> <span class='ocrx_word' id='word_1_179' title='bbox 417 1647 539 1704; x_wconf 83' lang='lat' dir='ltr'>«Qui</span> <span class='ocrx_word' id='word_1_180' title='bbox 556 1659 700 1710; x_wconf 85' lang='lat' dir='ltr'>potest</span> <span class='ocrx_word' id='word_1_181' title='bbox 717 1665 889 1710; x_wconf 85' lang='lat' dir='ltr'>capere,</span> <span class='ocrx_word' id='word_1_182' title='bbox 914 1649 1086 1712; x_wconf 83' lang='lat' dir='ltr'>capiat2</span> <span class='ocrx_word' id='word_1_183' title='bbox 1103 1670 1114 1704; x_wconf 81' lang='lat'>3</span> <span class='ocrx_word' id='word_1_184' title='bbox 1135 1673 1155 1692; x_wconf 76' lang='lat' dir='ltr'>n</span> <span class='ocrx_word' id='word_1_185' title='bbox 1173 1669 1220 1696; x_wconf 63' lang='lat' dir='ltr'>ex</span> <span class='ocrx_word' id='word_1_186' title='bbox 1237 1653 1312 1697; x_wconf 91' lang='lat' dir='ltr'>illo</span> <span class='ocrx_word' id='word_1_187' title='bbox 1328 1671 1463 1717; x_wconf 88' lang='lat' dir='ltr'>usque</span> 
     </span>
     <span class='ocr_line' id='line_1_21' title="bbox 84 1716 1461 1786; baseline 0.009 -25"><span class='ocrx_word' id='word_1_188' title='bbox 84 1716 232 1762; x_wconf 85' lang='lat' dir='ltr'>adhuc</span> <span class='ocrx_word' id='word_1_189' title='bbox 251 1753 262 1772; x_wconf 84' lang='lat'>‚</span> <span class='ocrx_word' id='word_1_190' title='bbox 283 1728 323 1762; x_wconf 89' lang='lat' dir='ltr'>et</span> <span class='ocrx_word' id='word_1_191' title='bbox 341 1718 544 1780; x_wconf 83' lang='lat' dir='ltr'>deinceps</span> <span class='ocrx_word' id='word_1_192' title='bbox 560 1735 695 1781; x_wconf 89' lang='lat' dir='ltr'>usque</span> <span class='ocrx_word' id='word_1_193' title='bbox 715 1719 761 1763; x_wconf 91' lang='lat' dir='ltr'>in</span> <span class='ocrx_word' id='word_1_194' title='bbox 779 1720 909 1764; x_wconf 89' lang='lat' dir='ltr'>finem</span> <span class='ocrx_word' id='word_1_195' title='bbox 924 1756 935 1775; x_wconf 59' lang='lat'>9</span> <span class='ocrx_word' id='word_1_196' title='bbox 968 1720 1046 1782; x_wconf 84' lang='lat' dir='ltr'>qui</span> <span class='ocrx_word' id='word_1_197' title='bbox 1070 1720 1205 1768; x_wconf 75' lang='lat' dir='ltr'>hahet</span> <span class='ocrx_word' id='word_1_198' title='bbox 1228 1738 1461 1786; x_wconf 57' lang='lat' dir='ltr'>operatum</span> 
     </span>
     <span class='ocr_line' id='line_1_22' title="bbox 82 1787 1460 1860; baseline 0.008 -27"><span class='ocrx_word' id='word_1_199' title='bbox 82 1788 158 1849; x_wconf 87' lang='lat' dir='ltr'>qui</span> <span class='ocrx_word' id='word_1_200' title='bbox 181 1788 351 1849; x_wconf 83' lang='lat' dir='ltr'>operari</span> <span class='ocrx_word' id='word_1_201' title='bbox 377 1787 563 1832; x_wconf 86' lang='lat' dir='ltr'>noluerit</span> <span class='ocrx_word' id='word_1_202' title='bbox 583 1825 593 1843; x_wconf 76' lang='lat'>‚</span> <span class='ocrx_word' id='word_1_203' title='bbox 624 1804 713 1833; x_wconf 88' lang='grc'>11011</span> <span class='ocrx_word' id='word_1_204' title='bbox 735 1806 776 1833; x_wconf 84' lang='grc' dir='ltr'>εθ</span> <span class='ocrx_word' id='word_1_205' title='bbox 804 1788 966 1834; x_wconf 85' lang='lat' dir='ltr'>habere</span> <span class='ocrx_word' id='word_1_206' title='bbox 998 1791 1246 1840; x_wconf 85' lang='lat' dir='ltr'>mentiatur.</span> <span class='ocrx_word' id='word_1_207' title='bbox 1287 1797 1349 1841; x_wconf 90' lang='lat' dir='ltr'>Ac</span> <span class='ocrx_word' id='word_1_208' title='bbox 1378 1815 1460 1860; x_wconf 89' lang='lat' dir='ltr'>per</span> 
     </span>
     <span class='ocr_line' id='line_1_23' title="bbox 80 1857 1452 1925; baseline 0.008 -23"><span class='ocrx_word' id='word_1_209' title='bbox 80 1857 167 1903; x_wconf 88' lang='lat' dir='ltr'>hoc</span> <span class='ocrx_word' id='word_1_210' title='bbox 186 1858 241 1904; x_wconf 88' lang='lat' dir='ltr'>ab</span> <span class='ocrx_word' id='word_1_211' title='bbox 258 1858 316 1902; x_wconf 86' lang='lat' dir='ltr'>eis</span> <span class='ocrx_word' id='word_1_212' title='bbox 336 1858 414 1920; x_wconf 91' lang='lat' dir='ltr'>qui</span> <span class='ocrx_word' id='word_1_213' title='bbox 431 1869 720 1920; x_wconf 88' lang='lat' dir='ltr'>corrumpunt</span> <span class='ocrx_word' id='word_1_214' title='bbox 737 1859 876 1904; x_wconf 88' lang='lat' dir='ltr'>bonos</span> <span class='ocrx_word' id='word_1_215' title='bbox 894 1876 1031 1904; x_wconf 89' lang='lat' dir='ltr'>mores</span> <span class='ocrx_word' id='word_1_216' title='bbox 1053 1861 1282 1925; x_wconf 83' lang='lat' dir='ltr'>colloquiis</span> <span class='ocrx_word' id='word_1_217' title='bbox 1301 1868 1425 1913; x_wconf 87' lang='lat' dir='ltr'>malis</span> <span class='ocrx_word' id='word_1_218' title='bbox 1441 1906 1452 1924; x_wconf 79' lang='lat'>‚</span> 
     </span>
     <span class='ocr_line' id='line_1_24' title="bbox 80 1927 1456 1982; baseline 0.007 -9"><span class='ocrx_word' id='word_1_219' title='bbox 80 1927 198 1973; x_wconf 85' lang='lat' dir='ltr'>inani</span> <span class='ocrx_word' id='word_1_220' title='bbox 219 1939 261 1973; x_wconf 88' lang='lat' dir='ltr'>et</span> <span class='ocrx_word' id='word_1_221' title='bbox 278 1945 390 1974; x_wconf 73' lang='lat' dir='ltr'>vana</span> <span class='ocrx_word' id='word_1_222' title='bbox 418 1929 605 1973; x_wconf 83' lang='lat' dir='ltr'>versutia</span> <span class='ocrx_word' id='word_1_223' title='bbox 637 1928 799 1972; x_wconf 87' lang='lat' dir='ltr'>dicitur</span> <span class='ocrx_word' id='word_1_224' title='bbox 834 1929 1006 1973; x_wconf 86' lang='lat' dir='ltr'>homini</span> <span class='ocrx_word' id='word_1_225' title='bbox 1031 1929 1282 1978; x_wconf 88' lang='lat' dir='ltr'>Christiano</span> <span class='ocrx_word' id='word_1_226' title='bbox 1309 1939 1456 1982; x_wconf 89' lang='lat' dir='ltr'>conti-</span> 
     </span>
     <span class='ocr_line' id='line_1_25' title="bbox 80 1997 1455 2067; baseline 0.003 -24"><span class='ocrx_word' id='word_1_227' title='bbox 80 1998 198 2043; x_wconf 86' lang='lat' dir='ltr'>nenti</span> <span class='ocrx_word' id='word_1_228' title='bbox 238 2008 279 2043; x_wconf 91' lang='lat' dir='ltr'>et</span> <span class='ocrx_word' id='word_1_229' title='bbox 326 1997 501 2060; x_wconf 83' lang='lat' dir='ltr'>nuptias</span> <span class='ocrx_word' id='word_1_230' title='bbox 545 1997 760 2042; x_wconf 83' lang='lat' dir='ltr'>recusanti</span> <span class='ocrx_word' id='word_1_231' title='bbox 801 2014 812 2042; x_wconf 73' lang='grc' dir='ltr'>ε</span> <span class='ocrx_word' id='word_1_232' title='bbox 863 1997 932 2042; x_wconf 92' lang='lat' dir='ltr'>Tu</span> <span class='ocrx_word' id='word_1_233' title='bbox 975 2013 1076 2057; x_wconf 86' lang='lat' dir='ltr'>ergo</span> <span class='ocrx_word' id='word_1_234' title='bbox 1123 2001 1277 2046; x_wconf 87' lang='lat' dir='ltr'>melior</span> <span class='ocrx_word' id='word_1_235' title='bbox 1323 2021 1455 2067; x_wconf 84' lang='lat' dir='ltr'>quam</span> 
     </span>
     <span class='ocr_line' id='line_1_26' title="bbox 80 2067 1451 2133; baseline 0.005 -19"><span class='ocrx_word' id='word_1_236' title='bbox 80 2068 336 2115; x_wconf 65' lang='lat' dir='ltr'>Abraham?</span> <span class='ocrx_word' id='word_1_237' title='bbox 379 2067 511 2123; x_wconf 85' lang='lat' dir='ltr'>Quod</span> <span class='ocrx_word' id='word_1_238' title='bbox 546 2068 617 2112; x_wconf 90' lang='lat' dir='ltr'>ille</span> <span class='ocrx_word' id='word_1_239' title='bbox 655 2084 756 2113; x_wconf 89' lang='lat' dir='ltr'>cum</span> <span class='ocrx_word' id='word_1_240' title='bbox 789 2067 1000 2124; x_wconf 85' lang='lat' dir='ltr'>audierit,</span> <span class='ocrx_word' id='word_1_241' title='bbox 1030 2085 1118 2113; x_wconf 91' lang='grc'>11011</span> <span class='ocrx_word' id='word_1_242' title='bbox 1144 2074 1451 2133; x_wconf 80' lang='lat' dir='ltr'>perturbetur3</span> 
     </span>
     <span class='ocr_line' id='line_1_27' title="bbox 78 2137 1450 2201; baseline 0.007 -17"><span class='ocrx_word' id='word_1_243' title='bbox 78 2156 157 2184; x_wconf 88' lang='lat' dir='ltr'>nec</span> <span class='ocrx_word' id='word_1_244' title='bbox 177 2138 333 2182; x_wconf 86' lang='lat' dir='ltr'>audeat</span> <span class='ocrx_word' id='word_1_245' title='bbox 351 2137 494 2182; x_wconf 85' lang='lat' dir='ltr'>dicere</span> <span class='ocrx_word' id='word_1_246' title='bbox 518 2155 528 2182; x_wconf 74' lang='grc' dir='ltr'>ε</span> <span class='ocrx_word' id='word_1_247' title='bbox 566 2137 742 2193; x_wconf 80' lang='lat' dir='ltr'>Melior,</span> <span class='ocrx_word' id='word_1_248' title='bbox 770 2154 849 2183; x_wconf 87' lang='lat' dir='ltr'>nec</span> <span class='ocrx_word' id='word_1_249' title='bbox 874 2156 897 2182; x_wconf 88' lang='lat' dir='ltr'>a</span> <span class='ocrx_word' id='word_1_250' title='bbox 929 2139 1156 2201; x_wconf 86' lang='lat' dir='ltr'>proposito</span> <span class='ocrx_word' id='word_1_251' title='bbox 1188 2141 1418 2192; x_wconf 80' lang='lat' dir='ltr'>delabatur</span> <span class='ocrx_word' id='word_1_252' title='bbox 1440 2166 1450 2193; x_wconf 94' lang='lat'><strong>:</strong></span> 
     </span>
     <span class='ocr_line' id='line_1_28' title="bbox 77 2207 1447 2264; baseline 0.006 -8"><span class='ocrx_word' id='word_1_253' title='bbox 77 2209 189 2257; x_wconf 89' lang='lat' dir='ltr'>illud</span> <span class='ocrx_word' id='word_1_254' title='bbox 205 2209 318 2253; x_wconf 89' lang='lat' dir='ltr'>enim</span> <span class='ocrx_word' id='word_1_255' title='bbox 339 2224 429 2252; x_wconf 91' lang='lat' dir='ltr'>non</span> <span class='ocrx_word' id='word_1_256' title='bbox 445 2225 542 2252; x_wconf 71' lang='lat' dir='ltr'>vere</span> <span class='ocrx_word' id='word_1_257' title='bbox 556 2207 680 2263; x_wconf 82' lang='lat' dir='ltr'>dicit,</span> <span class='ocrx_word' id='word_1_258' title='bbox 700 2208 788 2254; x_wconf 85' lang='lat' dir='ltr'>hoc</span> <span class='ocrx_word' id='word_1_259' title='bbox 809 2225 897 2253; x_wconf 89' lang='grc'>11011</span> <span class='ocrx_word' id='word_1_260' title='bbox 916 2219 1030 2254; x_wconf 85' lang='lat' dir='ltr'>recte</span> <span class='ocrx_word' id='word_1_261' title='bbox 1048 2208 1167 2257; x_wconf 84' lang='lat' dir='ltr'>facit.</span> <span class='ocrx_word' id='word_1_262' title='bbox 1195 2213 1281 2259; x_wconf 80' lang='lat' dir='ltr'>Sed</span> <span class='ocrx_word' id='word_1_263' title='bbox 1301 2215 1417 2263; x_wconf 84' lang='lat' dir='ltr'>dicat</span> <span class='ocrx_word' id='word_1_264' title='bbox 1436 2237 1447 2264; x_wconf 92' lang='lat'><strong>:</strong></span> 
     </span>
     <span class='ocr_line' id='line_1_29' title="bbox 78 2277 1452 2342; baseline 0.008 -19"><span class='ocrx_word' id='word_1_265' title='bbox 78 2282 170 2340; x_wconf 85' lang='lat' dir='ltr'>Ego</span> <span class='ocrx_word' id='word_1_266' title='bbox 190 2277 368 2342; x_wconf 89' lang='lat' dir='ltr'>quidem</span> <span class='ocrx_word' id='word_1_267' title='bbox 391 2294 479 2322; x_wconf 90' lang='lat' dir='ltr'>non</span> <span class='ocrx_word' id='word_1_268' title='bbox 494 2294 588 2324; x_wconf 89' lang='lat' dir='ltr'>sum</span> <span class='ocrx_word' id='word_1_269' title='bbox 606 2279 758 2324; x_wconf 91' lang='lat' dir='ltr'>melior</span> <span class='ocrx_word' id='word_1_270' title='bbox 776 2296 908 2342; x_wconf 91' lang='lat' dir='ltr'>quam</span> <span class='ocrx_word' id='word_1_271' title='bbox 930 2280 1156 2326; x_wconf 86' lang='lat' dir='ltr'>Abraham</span> <span class='ocrx_word' id='word_1_272' title='bbox 1174 2319 1185 2338; x_wconf 77' lang='grc'>,</span> <span class='ocrx_word' id='word_1_273' title='bbox 1206 2285 1277 2329; x_wconf 86' lang='lat' dir='ltr'>sed</span> <span class='ocrx_word' id='word_1_274' title='bbox 1298 2289 1452 2334; x_wconf 87' lang='lat' dir='ltr'>melior</span> 
     </span>
     <span class='ocr_line' id='line_1_30' title="bbox 78 2347 1449 2417; baseline 0.007 -22"><span class='ocrx_word' id='word_1_275' title='bbox 78 2360 140 2395; x_wconf 88' lang='lat' dir='ltr'>est</span> <span class='ocrx_word' id='word_1_276' title='bbox 163 2348 332 2394; x_wconf 84' lang='lat' dir='ltr'>castitas</span> <span class='ocrx_word' id='word_1_277' title='bbox 348 2347 560 2393; x_wconf 87' lang='lat' dir='ltr'>coelibum</span> <span class='ocrx_word' id='word_1_278' title='bbox 586 2365 719 2410; x_wconf 87' lang='lat' dir='ltr'>quam</span> <span class='ocrx_word' id='word_1_279' title='bbox 745 2349 916 2394; x_wconf 82' lang='lat' dir='ltr'>castitas</span> <span class='ocrx_word' id='word_1_280' title='bbox 939 2350 1193 2412; x_wconf 86' lang='lat' dir='ltr'>nuptiarum</span> <span class='ocrx_word' id='word_1_281' title='bbox 1217 2370 1228 2398; x_wconf 71' lang='grc' dir='ltr'>ε</span> <span class='ocrx_word' id='word_1_282' title='bbox 1262 2372 1449 2417; x_wconf 87' lang='lat' dir='ltr'>quarum</span> 
     </span>
     <span class='ocr_line' id='line_1_31' title="bbox 78 2417 1450 2476; baseline 0.008 -12"><span class='ocrx_word' id='word_1_283' title='bbox 78 2418 305 2467; x_wconf 86' lang='lat' dir='ltr'>Abraham</span> <span class='ocrx_word' id='word_1_284' title='bbox 325 2433 455 2462; x_wconf 86' lang='lat' dir='ltr'>unam</span> <span class='ocrx_word' id='word_1_285' title='bbox 475 2417 670 2463; x_wconf 81' lang='lat' dir='ltr'>habebat</span> <span class='ocrx_word' id='word_1_286' title='bbox 685 2419 732 2464; x_wconf 92' lang='lat' dir='ltr'>in</span> <span class='ocrx_word' id='word_1_287' title='bbox 749 2435 830 2464; x_wconf 87' lang='lat' dir='ltr'>usu</span> <span class='ocrx_word' id='word_1_288' title='bbox 844 2455 856 2476; x_wconf 83' lang='lat'>,</span> <span class='ocrx_word' id='word_1_289' title='bbox 880 2419 1029 2464; x_wconf 86' lang='lat' dir='ltr'>ambas</span> <span class='ocrx_word' id='word_1_290' title='bbox 1047 2420 1093 2465; x_wconf 87' lang='lat' dir='ltr'>in</span> <span class='ocrx_word' id='word_1_291' title='bbox 1117 2421 1288 2471; x_wconf 84' lang='lat' dir='ltr'>habitu.</span> <span class='ocrx_word' id='word_1_292' title='bbox 1321 2427 1450 2475; x_wconf 84' lang='lat' dir='ltr'>Caste</span> 
     </span>
     <span class='ocr_line' id='line_1_32' title="bbox 77 2487 1451 2559; baseline 0.009 -29"><span class='ocrx_word' id='word_1_293' title='bbox 77 2489 243 2553; x_wconf 85' lang='lat' dir='ltr'>quippe</span> <span class='ocrx_word' id='word_1_294' title='bbox 273 2487 559 2546; x_wconf 82' lang='lat' dir='ltr'>conjugaliter</span> <span class='ocrx_word' id='word_1_295' title='bbox 580 2488 685 2535; x_wconf 75' lang='lat' dir='ltr'>vixit</span> <span class='ocrx_word' id='word_1_296' title='bbox 705 2506 716 2533; x_wconf 90' lang='lat'>:</span> <span class='ocrx_word' id='word_1_297' title='bbox 743 2505 829 2534; x_wconf 88' lang='lat' dir='ltr'>esse</span> <span class='ocrx_word' id='word_1_298' title='bbox 855 2499 999 2535; x_wconf 87' lang='lat' dir='ltr'>autem</span> <span class='ocrx_word' id='word_1_299' title='bbox 1024 2502 1164 2536; x_wconf 83' lang='lat' dir='ltr'>castus</span> <span class='ocrx_word' id='word_1_300' title='bbox 1184 2493 1275 2540; x_wconf 81' lang='lat' dir='ltr'>sine</span> <span class='ocrx_word' id='word_1_301' title='bbox 1299 2503 1451 2559; x_wconf 89' lang='lat' dir='ltr'>conju-</span> 
     </span>
    </p>
   </div>
   <div class='ocr_carea' id='block_1_5' title="bbox 79 2556 1449 2686">
    <p class='ocr_par' dir='ltr' id='par_1_6' title="bbox 79 2556 1449 2686">
     <span class='ocr_line' id='line_1_33' title="bbox 79 2556 1449 2622; baseline 0.01 -17"><span class='ocrx_word' id='word_1_302' title='bbox 79 2561 147 2619; x_wconf 85' lang='lat' dir='ltr'>gio</span> <span class='ocrx_word' id='word_1_303' title='bbox 166 2556 312 2622; x_wconf 88' lang='lat' dir='ltr'>potuit</span> <span class='ocrx_word' id='word_1_304' title='bbox 325 2593 336 2613; x_wconf 84' lang='lat'>‚</span> <span class='ocrx_word' id='word_1_305' title='bbox 365 2556 440 2602; x_wconf 89' lang='lat' dir='ltr'>sed</span> <span class='ocrx_word' id='word_1_306' title='bbox 464 2568 569 2604; x_wconf 86' lang='lat' dir='ltr'>tunc</span> <span class='ocrx_word' id='word_1_307' title='bbox 600 2576 688 2604; x_wconf 89' lang='lat' dir='ltr'>non</span> <span class='ocrx_word' id='word_1_308' title='bbox 706 2560 916 2622; x_wconf 89' lang='lat' dir='ltr'>oportuit.</span> <span class='ocrx_word' id='word_1_309' title='bbox 944 2561 1036 2620; x_wconf 87' lang='lat' dir='ltr'>Ego</span> <span class='ocrx_word' id='word_1_310' title='bbox 1055 2578 1156 2609; x_wconf 71' lang='lat' dir='ltr'>Vero</span> <span class='ocrx_word' id='word_1_311' title='bbox 1172 2562 1341 2615; x_wconf 85' lang='lat' dir='ltr'>facilius</span> <span class='ocrx_word' id='word_1_312' title='bbox 1360 2588 1449 2618; x_wconf 85' lang='grc'>11011</span> 
     </span>
     <span class='ocr_line' id='line_1_34' title="bbox 124 2634 986 2686; baseline 0.001 -17"><span class='ocrx_word' id='word_1_313' title='bbox 124 2636 246 2684; x_wconf 50' lang='lat' dir='ltr'>§Deum</span> <span class='ocrx_word' id='word_1_314' title='bbox 266 2644 339 2675; x_wconf 60' lang='lat' dir='ltr'>xm,</span> <span class='ocrx_word' id='word_1_315' title='bbox 354 2638 384 2667; x_wconf 82' lang='lat' dir='ltr'>et</span> <span class='ocrx_word' id='word_1_316' title='bbox 397 2634 501 2682; x_wconf 68' lang='lat' dir='ltr'>Galat.</span> <span class='ocrx_word' id='word_1_317' title='bbox 522 2646 565 2676; x_wconf 75' lang='lat' dir='ltr'>xv,</span> <span class='ocrx_word' id='word_1_318' title='bbox 584 2634 699 2673; x_wconf 70' lang='lat'>4.-²</span> <span class='ocrx_word' id='word_1_319' title='bbox 711 2637 828 2686; x_wconf 68' lang='lat' dir='ltr'>Matth.</span> <span class='ocrx_word' id='word_1_320' title='bbox 843 2647 914 2683; x_wconf 55' lang='lat' dir='ltr'>xxx!</span> <span class='ocrx_word' id='word_1_321' title='bbox 934 2647 986 2670; x_wconf 85' lang='lat'>12.</span> 
     </span>
    </p>
   </div>
   <div class='ocr_carea' id='block_1_6' title="bbox 1241 2697 1310 2745">
    <p class='ocr_par' dir='ltr' id='par_1_7' title="bbox 1241 2697 1310 2745">
     <span class='ocr_line' id='line_1_35' title="bbox 1241 2697 1310 2745; baseline 0.043 -4"><span class='ocrx_word' id='word_1_322' title='bbox 1241 2697 1310 2745; x_wconf 84' lang='lat'>18.</span> 
     </span>
    </p>
   </div>
  </div>
 </body>
</html>
