1758 3246
307 276 401 333 434.
726 292 759 319 s.
805 291 1044 321 AUGUSTINI
1082 292 1281 323 Ertscorr

307 355 495 401 «Odisti.
515 374 535 395 ›>
555 356 679 399 Forte
696 355 810 400 enim
829 355 922 401 odit
935 356 1121 419 aliquem
1140 359 1253 402 Deus
1277 357 1496 420 aliquanto
1510 358 1672 415 mitius,

305 435 355 470 ut
377 440 475 468 eum
496 441 582 468 non
599 424 754 487 perdat
774 443 784 469 τ
804 442 931 488 quem
948 443 1048 471 vero
1063 426 1223 488 perdit,
1245 437 1366 472 tanto
1385 427 1676 474 vehementius

306 493 422 549 odit,
449 493 613 556 quanto
635 495 819 540 severius
842 498 982 558 punit.
1012 496 1120 541 Odit
1139 508 1280 541 autem
1301 514 1447 542 omnes
1470 498 1546 560 qui
1567 515 1676 561 ope-

304 576 458 610 rantur
474 563 746 626 iniquitatem
775 582 784 608 :
817 575 859 610 at
876 582 1023 610 omnes
1047 566 1122 627 qui
1141 565 1383 628 loquuntur
1401 566 1677 612 mendacium

306 634 435 680 etiam
450 633 607 698 perdit.
635 634 735 688 Quo
747 635 984 679 constituto
1001 636 1098 698 quis
1116 652 1262 679 eorum
1275 636 1350 698 qui
1369 637 1467 681 haec
1488 647 1678 681 asserunt

309 704 657 751 commovebitur
674 703 758 748 illis
777 704 979 766 exemplis
998 741 1008 759 ‚
1030 721 1130 748 cum
1151 703 1315 749 dicitur
1341 721 1351 749 :
1375 704 1494 760 Quid
1513 706 1546 749 si
1571 704 1624 750 ad
1640 716 1677 750 te

307 775 442 821 homo
468 772 690 831 confugiat
705 810 716 828 ‚
738 773 815 836 qui
838 773 1065 818 mendacio
1093 784 1168 818 tuo
1188 775 1320 836 possit
1343 792 1364 819 a
1401 785 1540 820 morte
1563 774 1678 819 libe-

308 844 425 890 rari?
462 844 542 888 Illa
574 843 689 887 enim
710 859 824 887 mors
846 860 977 905 quam
1011 843 1136 888 stulte
1172 845 1324 889 timent
1350 844 1574 899 homines,
1603 844 1679 906 qui

310 929 490 976 peccare
514 929 603 957 non
624 912 778 956 ‘timent
798 949 808 967 ,
832 929 919 956 non
948 912 1132 957 animam
1153 949 1163 968 ,
1190 913 1261 958 sed
1284 930 1442 975 eorpus
1465 911 1675 968 occidit4‚

309 984 421 1029 sicut
439 982 654 1027 Dominus
678 982 723 1026 in
740 982 971 1040 Evangelio
989 982 1116 1027 docet
1134 1002 1145 1035 ς
1167 983 1280 1028 unde
1293 983 1497 1046 praecipit
1515 1000 1567 1028 ne
1587 983 1680 1045 ipsa

305 1055 509 1100 timeatur
537 1070 547 1096 ε
572 1069 616 1097 os
636 1063 778 1097 autem
795 1052 914 1115 quod
933 1053 1158 1108 mentitur,
1180 1070 1268 1098 non
1291 1070 1449 1115 corpus
1464 1091 1473 1109 ‚
1495 1053 1566 1099 secl
1592 1053 1681 1098 ani-

308 1141 423 1169 mam
447 1121 622 1168 occidit.
658 1122 736 1166 His
755 1122 871 1166 enim
895 1121 1038 1166 Verbis
1062 1123 1326 1184 apertissime
1345 1123 1554 1185 scriptum
1579 1133 1641 1167 est
1666 1140 1676 1166 ε

307 1216 328 1236 «
345 1194 405 1239 Os
428 1192 546 1255 quod
577 1191 785 1236 mentitur
801 1228 811 1246 ‚
836 1190 997 1236 occidit
1028 1192 1254 1237 animam2.
1283 1214 1301 1233 ›>
1328 1192 1560 1247 Quomodo
1583 1208 1682 1251 ergo

306 1281 396 1310 non
415 1262 729 1327 perversissime
747 1261 926 1315 dicitur,
952 1272 1000 1306 ut
1019 1261 1125 1306 alter
1143 1262 1426 1325 corporaliter
1449 1263 1563 1308 vivat
1577 1299 1588 1318 ,
1612 1262 1684 1307 de-

304 1335 408 1380 bere
447 1333 630 1378 alterum
666 1331 916 1394 spiritaliter
958 1332 1104 1376 mori?
1148 1333 1260 1376 Nam
1298 1342 1340 1376 et
1373 1332 1465 1394 ipsa
1509 1331 1684 1377 dilectio

306 1403 492 1469 proximi
513 1420 559 1447 ex
580 1419 654 1447 sua
679 1406 890 1463 cujusque
913 1401 1145 1446 terminum
1165 1401 1345 1463 accepit.
1371 1422 1389 1440 «
1407 1401 1565 1460 Diliges
1580 1439 1590 1457 ,
1614 1402 1685 1447 in-

310 1498 331 1518 »
358 1475 454 1537 quit
468 1510 478 1529 ,
501 1471 748 1534 proximum
768 1481 895 1515 tuum
920 1481 1126 1533 tanquam
1145 1480 1185 1515 te
1204 1470 1347 1532 ipsum
1364 1469 1427 1515 2⁹³.»
1453 1470 1686 1526 Quomodo

307 1561 407 1603 ergo
438 1542 618 1605 quisque
645 1540 786 1598 diligit
812 1550 1016 1603 tanquam
1052 1556 1094 1584 se
1127 1540 1299 1602 ipsum,
1333 1541 1403 1585 cui
1429 1550 1477 1584 ut
1513 1550 1689 1602 praestet

308 1615 446 1661 vitam
467 1610 749 1674 temporalem
769 1610 860 1672 ipse
887 1609 1044 1654 amittit
1068 1612 1305 1655 aeternamP
1332 1609 1687 1673 quandoquidem

310 1686 344 1731 si
375 1701 458 1747 pro
494 1682 608 1728 illius
652 1680 879 1743 temporali
911 1680 1045 1725 vitam
1074 1696 1195 1725 suam
1230 1681 1369 1743 ipsam
1406 1681 1688 1742 temporalem

309 1754 488 1820 perdat,
508 1770 596 1797 non
612 1754 772 1810 estjam
796 1750 972 1809 diligere
990 1751 1101 1795 sicut
1118 1767 1159 1795 se
1176 1750 1337 1813 ipsum,
1362 1750 1435 1795 sed
1448 1750 1546 1812 plus
1560 1767 1691 1812 quam

314 1844 356 1872 se
380 1825 524 1887 ipsum
564 1840 575 1866 ι
611 1821 732 1885 quod
753 1838 867 1866 sanae
886 1821 1097 1866 doctrinae
1123 1821 1313 1880 regulam
1336 1821 1513 1867 excedit.
1552 1820 1692 1866 Multo

315 1896 457 1941 minus
483 1893 614 1952 igitur
638 1902 842 1936 aeternam
872 1908 992 1935 suam
1017 1907 1098 1953 pro
1126 1889 1297 1935 alterius
1317 1890 1542 1953 temporali
1567 1907 1692 1935 men-

315 1964 462 2010 tiendo
488 1963 719 2007 amissurus
742 1971 818 2006 est.
834 1961 1140 2023 Temporalem
1161 1960 1289 2022 plane
1312 1961 1445 2005 vitam
1470 1977 1589 2005 suam
1612 1977 1694 2023 pro

319 2047 479 2081 aoterna
498 2033 587 2078 rita
607 2030 790 2094 proximi
818 2047 905 2076 non
924 2030 1147 2075 dubitabit
1168 2030 1442 2075 Christianus
1465 2030 1659 2076 amittere
1681 2048 1691 2074 τ

319 2107 407 2152 hoe
433 2104 547 2148 enim
566 2101 787 2164 praecessit
818 2099 1085 2163 exemplum.
1125 2109 1174 2145 ut
1206 2117 1288 2163 pro
1323 2100 1448 2145 nobis
1483 2100 1697 2148 Dominus

321 2177 413 2239 ipse
439 2182 690 2219 moreretur.
716 2171 783 2216 Ad
802 2172 890 2216 hoc
913 2170 1027 2216 enim
1050 2180 1091 2216 et
1109 2171 1166 2215 ait
1189 2187 1200 2214 ι
1224 2175 1352 2216 «Hoc
1373 2171 1699 2217 estmandatum

326 2268 348 2289 »
368 2261 540 2300 meum,
581 2252 629 2287 ut
661 2240 846 2300 diligatis
881 2241 1066 2286 invicem
1085 2277 1095 2296 ,
1137 2240 1248 2285 sicut
1272 2250 1314 2285 et
1337 2257 1414 2300 ego
1448 2240 1573 2286 dilexi
1603 2258 1692 2287 vos,

328 2338 349 2359 >³
375 2317 585 2375 Majorem
614 2311 888 2357 dilectionem
913 2328 1040 2356 nemo
1066 2311 1200 2356 habet
1218 2348 1228 2363 ,
1266 2327 1396 2374 quam
1429 2320 1477 2355 ut
1513 2311 1700 2356 animam

327 2408 349 2429 »
374 2402 494 2431 suam
518 2393 653 2447 ponat
670 2398 751 2445 pro
775 2380 923 2425 amicis
942 2381 1026 2425 suis
1045 2379 1078 2427 4.
1102 2402 1121 2421 n
1147 2381 1245 2425 Non
1264 2380 1375 2426 enirn
1394 2380 1620 2443 quisquam
1641 2392 1702 2426 est

328 2457 389 2503 ita
408 2453 620 2518 desipiens
635 2489 646 2508 ‚
674 2462 724 2496 ut
746 2450 862 2496 dicat
878 2450 994 2496 aliud
1013 2466 1146 2514 quam
1170 2449 1297 2496 saluti
1319 2451 1592 2514 sempiternae
1615 2451 1703 2496 ho-

378 2546 390 2569 ¹
406 2543 527 2578 Maub-
548 2553 584 2584 x,
613 2542 668 2573 28.
684 2537 758 2566 --2
771 2541 842 2584 Sap.
861 2551 886 2580 1,
907 2551 920 2571 1
933 2551 959 2572 1.
976 2557 1021 2564 —-
1043 2536 1058 2562 ³
1082 2538 1182 2572 Levit.
1202 2550 1269 2578 x1x‚
1300 2540 1352 2579 18,
1366 2545 1396 2571 et
1414 2539 1530 2572 Matth.
1543 2551 1624 2579 xxti,
1645 2543 1700 2582 39,

330 2617 376 2625 —-
389 2596 404 2620 ⁴
419 2601 515 2631 Jean.
534 2606 585 2634 xv,
607 2605 658 2627 1².
