1758 3246
326 288 380 317 m:
418 286 583 316 sANcrA
619 285 940 326 valNITArE,
980 288 1067 317 Lm.
1112 289 1142 318 1.
1348 272 1441 334 309

65 370 164 416 quae
190 351 374 415 amplius
401 349 692 412 amplioribus
713 349 956 396 insidiatur.
997 351 1123 396 Hanc
1157 352 1352 415 sequitur
1370 352 1444 397 in-

64 421 256 467 videntia
273 459 283 477 ,
311 432 517 482 tanquam
549 419 637 464 filia
659 418 914 481 pedissequa
940 437 950 463 ε
972 436 1064 463 eam
1099 421 1263 482 quippe
1288 437 1443 484 super-

63 491 138 536 bia
163 492 369 537 continuo
394 489 533 552 parit,
561 505 640 534 nec
659 505 853 550 unquam
873 499 935 533 est
958 489 1045 533 sine
1070 489 1144 534 tali
1169 490 1291 551 prole
1314 502 1442 554 atque

63 561 236 606 comite.
269 559 442 615 Quibus
465 558 640 603 duobus
665 558 788 603 malis
807 595 818 614 ,
844 558 931 603 hoc
960 569 1023 603 est
1045 559 1245 621 superbia
1268 569 1310 603 et
1326 561 1443 606 invi-

64 629 236 684 dentia,
270 627 474 673 diabolus
504 639 578 674 est.
619 628 771 690 ltaque
807 637 958 672 contra
985 628 1237 690 superbiam
1262 639 1445 674 matrem

63 699 314 744 invidentiae
334 699 516 743 maxime
534 698 690 743 militat
715 698 912 743 universa
938 697 1170 760 disciplina
1188 698 1439 745 christiana.

65 769 172 814 Haec
196 769 310 814 enim
334 769 463 813 docet
482 769 774 814 humilitatem
794 806 804 823 ,
835 785 921 831 qua
947 779 987 813 et
1013 769 1210 831 acquirat
1228 779 1268 813 et
1295 779 1445 814 custo-

63 838 157 884 diat
180 839 440 884 charitatem
463 876 473 893 ,
506 839 558 883 de
590 856 675 901 qua
706 856 805 884 cum
831 839 1002 883 dictum
1033 849 1138 883 esset
1162 856 1171 882 ε
1201 860 1220 878 α
1244 839 1448 884 Charitas

64 930 84 949 »
104 926 191 954 non
216 910 472 965 aemulatur,
496 931 516 950 »
554 909 672 954 velut
696 910 730 954 si
760 926 933 954 causam
970 926 1260 971 quaereremus
1280 946 1291 965 ‚
1330 909 1446 954 unde

64 980 139 1022 fiat
163 989 211 1023 ut
238 995 326 1023 non
351 979 579 1024 aemuletur
595 1017 605 1035 ‚
632 979 840 1024 continuo
873 978 1070 1023 subdidit
1097 997 1106 1023 :
1143 1000 1163 1019 «
1184 979 1284 1023 Non
1307 978 1440 1024 infla-

63 1069 83 1088 »
102 1047 204 1092 tur1
228 1066 238 1092 z
262 1071 280 1089 »
302 1060 511 1111 tanquam
534 1050 695 1094 diceret
717 1067 726 1093 ε
748 1049 852 1093 Ideo
875 1066 961 1094 non
984 1049 1118 1094 habet
1135 1049 1437 1104 invidentiam,

62 1119 165 1181 quia
181 1136 259 1165 nec
281 1121 546 1182 superbiam.
580 1123 745 1165 Doctor
776 1120 922 1181 itaque
946 1119 1210 1164 humilitatis
1237 1119 1440 1165 Christus

61 1190 206 1252 primo
227 1211 247 1229 «
270 1191 562 1252 Semetipsum
588 1189 823 1234 exinanivit
849 1188 1032 1233 formam
1060 1190 1168 1233 servi
1203 1189 1441 1252 accipiens,

63 1281 84 1301 »
101 1260 147 1304 in
170 1259 453 1304 similitudine
483 1260 712 1304 hominum
733 1258 871 1303 factus
892 1295 901 1313 ,
926 1269 968 1303 ct
988 1259 1147 1304 habitu
1169 1260 1370 1305 inventus
1398 1271 1446 1306 ut

64 1350 83 1369 »
102 1328 262 1380 liom03
294 1328 548 1373 humiliavit
574 1329 852 1391 semetipsum
872 1365 883 1383 ,
912 1327 1052 1374 factus
1077 1329 1282 1374 obediens
1310 1347 1446 1393 usque

65 1422 84 1440 >1
104 1399 157 1444 ad
180 1409 361 1444 mortem
380 1436 390 1454 ‚
420 1410 603 1444 mortem
643 1410 784 1444 autem
814 1399 1002 1445 crucis‘2.
1030 1422 1049 1441 η
1081 1401 1182 1462 Ipsa
1207 1417 1308 1445 vero
1333 1400 1444 1447 doc-

66 1469 174 1514 trina
194 1473 284 1527 ejus
301 1506 311 1523 ,
336 1485 469 1531 quam
488 1480 646 1514 attente
664 1469 852 1514 insinuet
874 1469 1169 1514 humilitatem
1193 1480 1323 1532 atque
1339 1471 1448 1517 huic

67 1538 376 1601 praeeipiendae
403 1538 681 1583 vehementer
713 1539 904 1591 insistat,
947 1539 1044 1600 quis
1074 1538 1287 1601 explicare
1319 1539 1445 1586 facile

64 1608 228 1671 possit,
272 1619 399 1670 atque
434 1608 480 1652 in
515 1608 634 1653 hanc
664 1625 754 1653 rem
786 1607 1169 1653 demonstrandam
1200 1609 1448 1655 testimonia

64 1688 225 1723 cuncta
247 1681 509 1737 congerere?
536 1679 632 1723 Hoc
655 1678 795 1723 facere
822 1689 1002 1722 conetur
1032 1678 1101 1722 vel
1131 1677 1290 1735 faciat,
1320 1680 1446 1743 quis-

64 1748 161 1809 quis
181 1764 373 1792 seorsum
392 1747 444 1792 de
466 1747 715 1792 humilitate
735 1747 924 1791 voluerit
953 1748 1141 1792 scribere
1165 1766 1175 1792 ε
1206 1748 1338 1808 hujus
1362 1766 1444 1795 au-

66 1827 149 1861 tem
169 1817 312 1879 operis
335 1816 454 1861 aliud
472 1817 749 1879 propositum
767 1827 828 1861 est
847 1853 856 1871 ‚
881 1817 1002 1880 quod
1022 1817 1075 1862 de
1099 1828 1184 1862 tam
1216 1836 1372 1879 magna
1397 1837 1442 1865 re

64 1897 311 1949 susceptum
333 1898 417 1942 est,
445 1899 493 1932 ut
511 1888 550 1932 ei
574 1887 755 1932 maxime
781 1887 836 1931 sit
859 1887 1052 1933 cavenda
1075 1889 1292 1951 superbia.

64 2006 66 2008 ,
127 1958 299 2002 XXXII
307 1995 316 2004 .
358 1957 549 2002 Proinde
573 1975 716 2020 pauca
735 1957 1001 2014 testimonia,
1033 1975 1132 2020 quae
1162 1959 1376 2005 Dominus
1398 1960 1444 2005 in

65 2038 252 2072 mentem
271 2027 375 2072 dare
395 2027 600 2087 dignatur
614 2066 624 2082 ‚
651 2046 698 2072 ex
718 2028 918 2073 doctrina
940 2028 1105 2073 Christi
1125 2028 1178 2074 de
1197 2029 1446 2076 humilitate

65 2114 360 2143 commemoro
380 2134 390 2152 ,
420 2114 518 2160 quae
546 2098 600 2143 ad
624 2098 670 2143 id
693 2097 811 2161 quod
830 2097 997 2143 intendi
1018 2098 1194 2144 sortasse
1212 2099 1440 2148 sufficiant.

65 2169 215 2214 Sermo
232 2172 339 2226 ejus,
361 2184 490 2230 quem
508 2169 702 2231 primum
722 2168 1000 2232 prolixiorem
1023 2168 1079 2213 ad
1100 2169 1349 2232 Discipulos
1368 2171 1445 2216 ha-

65 2239 185 2293 buit„
222 2237 324 2282 inde
349 2238 522 2300 coepit:
561 2260 581 2279 «
609 2240 728 2284 Beati
760 2256 975 2302 pauperes
1016 2239 1201 2301 spiritu,
1238 2239 1441 2303 quoniam

66 2309 297 2371 »ipsorum
316 2318 378 2352 est
402 2325 583 2367 regnum
617 2308 857 2354 coelorum³
886 2326 896 2353 ε
928 2330 948 2349 »
974 2325 1082 2371 quos
1113 2309 1203 2354 sine
1223 2309 1311 2354 ulla
1334 2326 1446 2354 con-

65 2379 272 2424 troversia
299 2377 486 2423 humiles
520 2379 814 2439 intelligimus.
853 2379 1002 2424 Fidem
1033 2379 1311 2424 Centurionis
1335 2379 1450 2425 illius

65 2448 162 2494 ideo
188 2449 412 2511 praecipue
433 2449 654 2505 laudavit,
689 2468 769 2496 nec
794 2467 835 2495 se
867 2450 1078 2495 invenisse
1110 2450 1154 2494 in
1184 2449 1319 2494 Isra‘el
1343 2449 1449 2496 dixit

68 2528 231 2565 tantam
248 2517 379 2564 fidem
394 2556 405 2575 ‚
432 2520 532 2582 quia
557 2519 627 2566 ille
649 2530 735 2566 tam
763 2519 988 2566 humiliter
1012 2517 1199 2564 credidit
1214 2556 1224 2564 .
1249 2529 1297 2565 ut
1318 2518 1441 2566 dice-

120 2597 127 2619 ¹
150 2613 160 2631 ι
183 2602 257 2632 Cor.
275 2611 350 2633 xm,
377 2608 402 2636 3.
422 2620 461 2623 -ι
478 2600 493 2622 ‘-¹
514 2602 617 2645 Philip
648 2615 688 2633 υ.
715 2616 727 2622 -
771 2606 798 2632 32,
815 2600 890 2626 -3
910 2602 1026 2633 luuh.
1049 2612 1076 2631 v.
1103 2602 1132 2634 3,
