1758 3246
331 340 383 368 ne
420 337 655 368 consuens
694 338 1020 378 mentumis,
1061 340 1145 371 un.
1189 343 1239 373 11.
1378 329 1473 388 4¹9

103 410 177 450 aut
196 414 332 449 morte
348 403 554 448 amittunt
571 407 792 462 conjuges,
811 413 886 448 aut
898 419 945 447 ex
960 416 1169 451 consensu
1183 421 1283 451 cum
1304 408 1362 452 eis
1378 419 1480 453 cona

105 473 328 518 tinentiam
344 474 620 533 profitentur,
643 482 717 516 aut
733 489 782 516 ex
805 471 1054 516 necessitate
1077 471 1384 529 divortiorum,
1423 491 1477 521 ne

101 541 211 587 vivis
233 540 493 598 conjugibus
511 556 552 585 st·
579 539 673 585 aliis
697 539 946 604 copulando
972 538 1180 586 adulteria
1208 554 1473 605 perpetrent,

100 619 289 656 castrant
309 625 350 653 se
369 608 484 670 ipsos
500 619 681 671 propter
697 626 874 669 regnum
894 607 1128 665 coelorum,
1151 627 1238 655 non
1265 622 1311 656 ut
1325 612 1477 658 clario⁴

100 679 233 725 resibi
244 695 329 723 esse
340 679 522 740 possint,
535 679 608 723 sed
629 680 749 741 quod
766 679 958 724 aliteribi
973 695 1058 724 esse
1070 696 1158 725 non
1171 682 1361 743 possint:
1376 699 1479 728 nam

98 749 173 812 qui
201 764 288 793 non
311 748 390 792 ista
413 748 663 793 necessitate
684 765 726 794 se
744 754 967 794 continent
983 748 1074 803 ,sed
1097 749 1202 795 boni
1212 751 1478 814 appetitione

98 818 307 873 melioris,
352 828 525 880 possent
545 818 608 863 ibi
628 835 713 863 esse
726 855 737 875 ‚
761 819 892 864 etiam
908 829 1072 865 servata
1090 820 1302 882 pudicitia
1319 825 1475 881 conjn-

98 888 199 948 gali,
214 887 466 951 quamvisin
479 888 671 949 praemiis
688 889 947 943 minoribus,
966 899 1109 934 tamen
1122 890 1252 936 intus.
1271 891 1361 947 Qui
1373 907 1474 936 vero

96 969 325 1022 propterea
348 973 389 1002 se
411 958 659 1014 continent,
699 959 801 1021 qnia
827 958 1048 1021 prioribus
1080 960 1342 1019 conjugibus
1364 961 1474 1007 vivis

99 1029 249 1073 timent
269 1025 362 1072 aliis
380 1028 630 1086 conjugari,
664 1032 870 1088 majorem
894 1045 1044 1073 curam
1061 1028 1222 1074 debent
1235 1046 1378 1089 gerere
1395 1046 1478 1092 pro

96 1098 248 1152 salute,
266 1113 398 1161 quam
423 1107 640 1155 gesserunt
662 1097 725 1143 illi
753 1117 775 1144 a
796 1099 957 1161 quibus
977 1099 1244 1145 continentia
1275 1116 1356 1162 pro
1375 1115 1477 1145 mu-

96 1186 198 1215 nere
219 1167 383 1213 delecta
400 1178 462 1212 est
483 1169 706 1230 ampliore.
728 1171 853 1215 Tunc
864 1170 1032 1232 quippe
1052 1170 1117 1215 ibi
1133 1181 1278 1226 erunt,
1296 1172 1330 1216 si
1349 1171 1476 1216 adul-

97 1239 174 1283 teri
194 1254 281 1282 non
300 1247 440 1281 erunt.
475 1237 521 1281 Si
542 1246 685 1282 autem
711 1254 799 1283 non
820 1239 1062 1294 continent,
1111 1239 1295 1284 adulteri
1318 1250 1473 1294 ernnt;

96 1310 198 1374 quia
211 1308 463 1354 viventibus
476 1309 735 1367 conjugibus
756 1310 967 1372 pristinis,
984 1327 1072 1355 non
1095 1315 1192 1371 conj
1200 1310 1355 1370 ugibus
1376 1311 1478 1357 alte-

96 1380 169 1435 ris,
196 1378 269 1425 sed
290 1376 493 1423 adulteris
515 1378 821 1425 adhaerebunt.
845 1381 899 1424 Et
923 1380 994 1425 sia
1011 1397 1142 1439 regno
1157 1380 1371 1426 coelorum
1386 1381 1472 1426 ala-³

97 1459 242 1504 erunt,
261 1448 337 1495 ubi
368 1458 514 1503 erunt,
537 1448 619 1492 nisi
638 1449 715 1494 ubi
732 1450 838 1496 salvi
861 1457 947 1495 non
977 1454 1133 1495 erunt?

159 1519 257 1565 XX.
298 1518 388 1563 Hos
407 1517 539 1575 igitur
579 1517 793 1580 alloquor,
838 1530 885 1564 nt
908 1518 1027 1582 quod
1058 1520 1199 1564 facere
1231 1520 1468 1579 deberent,

95 1591 127 1635 si
151 1589 363 1634 haberent
393 1591 596 1647 conjuges
633 1588 842 1634 diuturno
877 1589 1082 1649 languore
1130 1602 1465 1649 marcescentes,

96 1659 164 1706 vel
179 1658 276 1704 loco
293 1658 376 1702 sibi
394 1658 682 1704 inaccessibili
697 1661 908 1715 absentes,
932 1661 995 1705 vel
1022 1661 1290 1706 animositate
1310 1661 1463 1708 illicita

96 1728 387 1779 continentes;
410 1726 496 1771 hoc
515 1726 694 1783 faciant,
735 1729 769 1773 si
797 1730 1033 1774 habuerint
1061 1733 1265 1790 conjuges
1298 1730 1470 1777 adulte-

96 1800 188 1844 rina
211 1797 510 1859 inquinatione
527 1797 764 1853 sordentes,
788 1810 829 1844 et
849 1811 1028 1862 propter
1047 1800 1133 1846 hoc
1159 1818 1182 1845 a
1201 1816 1276 1844 suo
1295 1817 1470 1846 consor-

99 1869 155 1913 tio
184 1867 494 1913 divortiantes:
517 1883 604 1911 non
629 1867 710 1912 alia
745 1881 947 1931 quierant
986 1869 1208 1928 conjugia,
1244 1870 1347 1932 quia
1381 1887 1467 1916 non

95 1949 222 1983 erunt
246 1938 470 1995 conjugia,
497 1936 570 1980 sed
592 1936 817 1985 adulteria.
845 1941 958 1983 (jum
982 1939 1097 1984 enim
1124 1956 1204 2001 par
1239 1939 1376 1984 forma
1414 1941 1469 1985 sit

95 2010 140 2052 in
163 2009 248 2052 hoc
263 2005 438 2052 vinculo
477 2006 558 2051 viri
577 2016 619 2050 et
659 2008 797 2052 uxoris
812 2045 823 2063 ,
870 2009 982 2053 sicut
1002 2025 1108 2054 uxor
1136 2029 1156 2049 α
1174 2008 1351 2054 vivente
1373 2010 1466 2054 viro

97 2100 117 2120 ›>
139 2076 373 2124 vocabitur
396 2075 620 2132 adultera,
663 2078 696 2122 si
716 2077 847 2123 fuerit
869 2094 971 2124 cum
1001 2078 1083 2124 alio
1114 2079 1207 2125 viro
1231 2078 1249 2107 '¹
1264 2115 1275 2134 ,
1301 2101 1321 2120 >2
1346 2079 1405 2123 ita
1426 2091 1469 2125 et

96 2149 162 2194 vir
184 2148 353 2193 vivente
386 2163 512 2191 uxore
537 2148 764 2193 vocabitur
796 2148 985 2204 adulter,-
1010 2149 1043 2194 si
1083 2141 1214 2194 fuerit
1251 2165 1353 2194 curn
1381 2149 1464 2196 alia

96 2217 286 2263 muliere.
312 2217 404 2262 Etsi
433 2217 547 2261 enim
567 2219 738 2275 gravius
773 2219 849 2282 qui
872 2229 1030 2281 praeter
1053 2235 1227 2265 causam
1265 2219 1464 2265 fornica-1

95 2288 257 2334 tionis:
287 2307 306 2327 «
333 2285 488 2332 Omnis
528 2296 666 2332 tamen
700 2288 776 2350 qni
801 2288 1011 2335 dimiserit
1034 2305 1208 2334 uxorem
1241 2305 1360 2334 suam
1381 2326 1391 2345 ,
1423 2300 1465 2336 et

97 2380 118 2400 »
149 2357 276 2403 aliam
309 2356 502 2412 duxerit,
538 2357 787 2403 moechatur
810 2359 842 2404 ².
876 2382 896 2400 2>
941 2361 1035 2405 &on
1069 2376 1141 2404 eos
1177 2369 1330 2404 terreat
1367 2375 1464 2404 sar-

95 2429 193 2475 cina
216 2428 494 2473 continentiae
515 2444 526 2472 ι
548 2427 653 2473 levis
671 2430 751 2475 rsit
774 2430 809 2474 si
829 2430 995 2476 Christi
1036 2430 1144 2483 erit;
1168 2429 1332 2475 christi
1353 2431 1460 2488 erit,

95 2499 130 2544 si
147 2498 253 2544 fides
274 2497 428 2553 aderit,
448 2514 547 2560 quae
565 2498 771 2561 impetrat
787 2517 810 2545 a
823 2501 1007 2560 jubente
1020 2500 1138 2564 quod
1154 2502 1340 2560 jusserit.
1362 2503 1462 2548 Non

95 2572 166 2614 eos
181 2568 369 2627 frangat,
394 2568 515 2630 quod
538 2567 712 2614 videtur
734 2587 884 2617 eorum
913 2572 1179 2617 continentia
1200 2572 1460 2620 necessitatis

145 2651 155 2672 ¹
173 2651 266 2683 Rom.
281 2656 339 2688 vu,
363 2649 392 2681 3.
406 2665 448 2672 -——
468 2648 483 2670 ²
502 2652 576 2683 Luc.
590 2660 661 2691 nn,
678 2654 729 2682 ιδ.

1255 2725 1329 2771 27.
