1758 3246
349 288 434 333 138
760 304 795 332 s.
836 302 1077 333 Aucusrim
1111 303 1313 332 EPISCOPl

339 383 439 411 nam
468 367 603 412 Vitam
621 404 631 422 ‚
657 386 679 413 a
699 369 988 432 corruptionis
1013 379 1221 413 vetustate
1248 378 1522 414 renovantur.
1557 368 1618 413 Ac
1642 366 1702 414 sic

339 453 418 497 per
439 436 549 483 illud
573 438 783 498 singulare
802 439 1062 484 sacrificium
1078 476 1089 495 ,
1124 440 1166 483 in
1194 456 1280 501 quo
1305 438 1518 483 Mediator
1538 448 1599 482 est
1616 438 1703 483 im·
1741 458 1745 501 f

338 504 522 553 molatus
539 545 549 560 ,
577 508 695 571 quod
722 526 856 554 unum
877 510 1026 554 multae
1046 509 1090 553 in
1109 508 1198 567 lege
1221 509 1410 553 rictimae
1434 508 1700 567 figurabant,
1742 520 1744 572 {

335 577 624 636 pacificantur
644 579 835 624 coelestia
859 596 958 624 cum
985 578 1256 623 terrestribus
1271 615 1282 633 ‚
1306 589 1347 622 et
1371 577 1583 623 terrestria
1602 593 1704 622 cum
1742 577 1751 625 ἔι

337 646 599 694 coelestibus.
638 649 858 704 Quoniam
889 648 1000 693 sicut
1032 648 1146 693 idem
1180 647 1410 710 Apostolus
1441 647 1583 692 dicit:
1610 667 1629 687 «
1652 647 1704 691 In

335 715 467 778 »ipso
505 718 773 780 complacuit
811 735 980 763 omnem
1021 717 1335 780 plenitudinem
1361 716 1632 772 inhabitare,
1663 725 1706 760 et
1742 711 1747 738 ³

335 806 355 825 »
373 803 453 848 per
485 805 583 833 eum
616 789 886 835 reconciliari
919 791 1062 835 omnia
1094 791 1138 835 in
1167 789 1337 851 ipsum‚
1363 787 1602 850 pacificans
1628 803 1708 850 per
1744 779 1758 829 Ῐ.

335 875 355 895 >>
377 858 626 916 sanguinem
645 859 785 904 crucis
802 864 909 919 ejus,
931 860 1017 905 sive
1034 876 1133 922 quae
1152 859 1196 904 in
1212 859 1334 904 terris
1355 867 1455 902 sunt
1469 893 1480 912 ‚
1503 856 1590 901 sive
1605 871 1706 919 quae
1743 868 1747 917 ξ

335 944 355 965 >³
374 926 419 970 in
453 927 617 976 coelis1.
659 931 748 975 Pax
780 930 859 976 ista
896 930 1130 994 praecellit,
1161 952 1181 971 »
1218 929 1329 974 sicut
1364 928 1576 990 scriptum
1608 936 1702 971 est:
1743 947 1758 980 ⁴z

334 1015 354 1035 «
379 996 565 1043 Omnem
590 994 912 1053 intellectum23
934 1022 952 1042 υ
985 1017 1123 1063 neque
1152 1000 1252 1045 sciri
1275 1017 1298 1043 a
1326 998 1475 1052 nobis,
1501 996 1582 1041 nisi
1603 1011 1704 1041 cum
1744 993 1747 1024 3

331 1064 385 1110 ad
421 1083 468 1111 ea
503 1070 768 1126 venerimus,
807 1082 961 1134 potest.
1006 1068 1241 1126 Quomodo
1275 1069 1388 1113 enim
1418 1067 1707 1130 pacificantur
1744 1061 1748 1107 ἶ

331 1136 521 1183 coelestia
556 1140 635 1185 nisi
666 1141 817 1196 nobis‚
851 1141 896 1186 id
943 1151 1033 1196 est,
1071 1138 1380 1185 concordando
1418 1135 1704 1182 nobiscum3?
1744 1131 1747 1168 ἶ

335 1205 442 1250 Nam
463 1207 526 1251 ibi
546 1226 714 1271 semper
734 1221 795 1254 est
817 1229 922 1272 pax,
946 1222 987 1255 et
1007 1211 1118 1254 inter
1144 1227 1185 1253 se
1211 1208 1417 1254 universis
1441 1207 1706 1252 intellectua-

329 1275 446 1320 libus
470 1279 698 1334 creaturis,
726 1290 767 1324 et
797 1297 897 1325 cum
923 1297 997 1325 suo
1031 1281 1246 1324 Creatore.
1289 1280 1400 1333 Quae
1435 1299 1454 1318 «
1477 1279 1561 1322 Pax
1585 1294 1705 1339 prae-

332 1367 352 1387 »
386 1347 502 1393 cellit
523 1385 533 1403 ‚
576 1360 625 1394 ut
671 1350 839 1395 dictum
875 1360 936 1395 est
960 1387 970 1405 ‚
1017 1366 1187 1394 omnem
1229 1347 1492 1392 intellectum
1519 1365 1532 1400 ;
1575 1367 1592 1387 n
1631 1347 1704 1393 sed

329 1417 480 1480 utique
514 1429 734 1473 nostrum,
772 1436 861 1464 non
891 1436 1038 1464 eorum
1071 1418 1145 1480 qui
1178 1435 1346 1479 semper
1370 1417 1519 1462 vident
1550 1415 1704 1461 faciem

330 1488 483 1535 Patris.
516 1489 603 1534 Nos
620 1500 761 1535 autem
777 1527 787 1545 ‚
816 1500 1194 1552 quantuscumque
1220 1488 1275 1533 sit
1294 1489 1338 1533 in
1363 1488 1488 1533 nobis
1506 1485 1704 1532 intellec-

328 1571 397 1606 tus
422 1560 640 1606 humanus
658 1598 670 1617 ‚
691 1578 738 1606 ex
755 1572 879 1624 parte
896 1561 1055 1606 scimus
1070 1598 1080 1615 ‚
1102 1571 1144 1605 et
1163 1560 1358 1605 videmus
1380 1576 1497 1605 nunc
1514 1578 1594 1623 per
1609 1578 1704 1624 spe-

329 1629 474 1676 culum
514 1631 559 1676 in
597 1630 850 1691 aenigmateA
874 1649 884 1676 z
929 1648 1027 1676 cum
1066 1647 1166 1676 vero
1199 1630 1384 1692 aequales
1416 1630 1586 1689 Angelis
1624 1632 1704 1678 Dei

326 1700 564 1747 fuerimus-³>
579 1739 589 1757 ,
611 1712 717 1748 tunc
738 1701 1108 1765 quemadmodum
1133 1711 1175 1746 et
1190 1701 1273 1763 ipsi
1289 1737 1299 1755 ‚
1329 1700 1579 1746 videbimus
1593 1701 1704 1750 facie

325 1771 378 1816 ad
400 1772 579 1825 faciem3
604 1783 853 1835 tantamque
876 1789 1027 1835 pacem
1048 1771 1313 1816 habebimus
1336 1788 1433 1830 erga
1455 1787 1543 1827 eos,
1566 1788 1702 1834 quan-

326 1854 414 1888 tam
433 1854 474 1888 et
496 1843 579 1906 ipsi
607 1861 705 1903 erga
739 1860 815 1887 nos
834 1880 843 1891 ,
872 1842 974 1904 quia
1006 1851 1174 1886 tantum
1206 1857 1276 1884 eos
1302 1839 1503 1885 dilecturi
1525 1857 1698 1895 sumus,

327 1923 541 1975 quantum
562 1914 617 1958 ab
645 1913 703 1957 eis
724 1912 961 1971 diligimur.
993 1913 1146 1973 ltaque
1169 1928 1247 1971 pax
1270 1927 1419 1954 eorum
1447 1920 1547 1955 nota
1576 1911 1702 1956 nobis

325 1983 432 2039 erit,
457 1983 558 2046 quia
584 1993 625 2027 et
647 1993 789 2027 nostra
808 1982 903 2026 talis
923 1999 969 2026 ac
994 1991 1111 2026 tanta
1132 1981 1232 2027 erit.
1255 1997 1333 2025 nec
1355 1980 1578 2042 praecellet
1594 1991 1698 2026 tunc

323 2052 588 2098 intellectum
603 2063 799 2097 nostrum
822 2069 832 2095 ε
852 2051 929 2096 Dei
954 2068 1053 2096 vcro
1078 2067 1159 2112 pax
1182 2066 1280 2112 quae
1298 2050 1387 2095 illic
1406 2060 1468 2095 est
1490 2068 1587 2110 erga
1608 2067 1695 2105 eos,

324 2133 365 2167 et
383 2134 576 2168 nostrum
596 2134 636 2168 et
658 2123 831 2181 illorum
863 2121 1129 2166 intellectum
1164 2121 1252 2164 sine
1274 2120 1546 2166 dubitatione
1578 2137 1700 2183 prae-

324 2193 462 2240 cellet.
490 2196 555 2239 De
574 2194 668 2256 ipso
686 2193 850 2255 quippe
871 2193 999 2237 beata
1017 2202 1077 2236 est
1096 2190 1315 2236 rationalis
1337 2201 1556 2245 creatura,
1578 2207 1698 2253 quae-

326 2281 514 2327 cumque
533 2264 657 2309 beata
678 2273 765 2317 est,
788 2279 875 2307 non
898 2262 989 2324 ipse
1013 2261 1066 2306 de
1087 2261 1173 2307 illa.
1203 2261 1325 2306 Unde
1350 2260 1588 2306 secundum
1611 2260 1699 2305 hoc

325 2334 478 2379 melius
497 2333 714 2397 accipitur
734 2331 853 2395 quod
876 2332 1086 2394 scriptum
1105 2341 1166 2377 est
1189 2349 1199 2375 ε
1228 2353 1246 2371 α
1266 2333 1354 2376 Pax
1370 2331 1450 2375 Dei
1470 2347 1568 2393 quae
1586 2346 1713 2396 prae-¹

328 2425 348 2445 »
369 2404 481 2448 cellit
508 2420 679 2448 omnem
696 2402 961 2447 intellectum
984 2419 995 2445 :
1019 2422 1038 2441 υ
1059 2411 1106 2445 ut
1125 2401 1169 2445 in
1187 2417 1236 2445 eo
1253 2399 1372 2463 quod
1389 2399 1495 2444 dixit
1522 2417 1533 2443 z
1554 2420 1574 2439 α
1593 2399 1699 2443 Om-

328 2495 347 2514 ›)
367 2491 489 2529 nem,
510 2495 531 2514 »
560 2491 638 2519 nec
666 2474 757 2537 ipse
781 2471 1019 2517 intellectus
1050 2480 1297 2515 sanctorum
1328 2468 1589 2528 Angelorum
1612 2483 1698 2512 esse

373 2567 381 2585 ¹
404 2567 435 2593 C«
451 2566 517 2594 ist„
541 2576 562 2595 ῐ.
592 2575 643 2603 19-
667 2574 717 2592 20.
739 2581 779 2586 -—
796 2560 812 2582 Ἰ
833 2561 948 2603 Philip,
980 2572 1022 2591 tv.
1042 2572 1072 2604 ζ).
1094 2578 1135 2582 --
1161 2556 1175 2579 3
1195 2558 1276 2589 vide
1299 2558 1351 2588 iil».
1378 2569 1460 2595 xxix,
1478 2557 1517 2587 de
1534 2557 1620 2588 civil.
1638 2557 1695 2590 Dei

322 2628 348 2648 c.
370 2628 422 2656 29.
438 2633 482 2638 ——
505 2615 517 2637 ⁴
540 2619 802 2650 1(101·.xu¹‚12,
819 2632 861 2637 --
878 2612 891 2635 ⁵
910 2616 983 2644 Luc.
1002 2624 1055 2651 xx,
1081 2614 1133 2642 36.
