1758 3246
338 286 428 341 460
762 299 795 326 s,
839 295 1081 326 AUGUSTINI
1118 295 1321 327 Belscorl

333 362 520 408 corditer
547 361 676 407 etiam
696 377 777 423 pro
806 360 989 419 alicujus
1012 360 1212 421 quamvis
1235 359 1409 406 mortali
1434 359 1568 406 salute
1584 378 1710 408 men·-

336 432 453 477 titur.

399 499 576 546 XXXV.
620 500 729 544 Item
759 498 879 562 quod
907 498 1117 560 scriptum
1136 509 1198 542 est
1221 516 1233 543 z
1255 498 1446 543 «Perdes
1472 515 1618 544 omnes
1637 500 1713 562 qui

334 592 354 613 »
379 571 620 633 loquuntur
639 568 918 613 mendacium
934 567 951 595 2
972 585 981 610 :
1006 588 1026 607 ›>
1048 566 1156 612 alius
1179 567 1313 623 dicit,
1339 567 1512 613 nullum
1535 568 1610 613 hic
1635 585 1711 613 ex-

333 651 510 703 ceptum
532 657 618 685 esse
648 638 926 684 mendacium
945 674 955 690 ,
999 636 1072 683 sed
1112 654 1238 682 omne
1276 637 1548 684 damnatum.
1587 638 1709 684 Alius

331 712 438 757 dicit
459 729 468 755 :
498 711 564 755 Ita
585 726 687 755 vero
706 746 716 763 ‚
741 708 815 753 sed
835 708 912 770 qui
928 708 1172 770 loquuntur
1194 725 1241 753 ex
1260 707 1391 752 corde
1416 707 1711 765 mendacium,

331 780 569 826 secundum
589 779 856 842 superiorem
879 778 1222 841 disputationem
1245 799 1257 832 ς
1279 796 1379 823 nam
1404 781 1624 823 veritatem
1645 778 1714 823 lo-

332 851 480 912 quitur
495 851 542 895 in
567 848 698 894 corde
714 885 724 903 ‚
753 848 829 910 qui
853 847 947 892 odit
970 847 1206 893 mentiendi
1230 848 1523 893 necessitatem
1544 885 1553 903 ‚
1583 865 1716 910 quam
1757 852 1758 858 ’

331 937 512 983 poenam
530 919 664 978 hujus
682 918 784 963 vitae
801 917 994 962 mortalis
1016 917 1228 976 intelligit.
1255 918 1375 962 Alius
1393 917 1502 961 dicit
1523 934 1534 960 ε
1553 917 1717 962 Omnes

337 990 513 1052 quidem
534 988 689 1051 perdet
713 989 828 1032 Deus
841 987 917 1050 qui
936 986 1180 1049 loquuntur
1202 986 1478 1032 mendacium
1497 1023 1508 1042 ‚
1536 986 1608 1031 sed
1627 1003 1717 1032 non

1756 901 1758 929 1

335 1077 460 1104 omne
484 1058 763 1104 mendacium
803 1075 813 1102 ε
841 1068 903 1102 est
937 1057 1052 1102 enim
1093 1057 1270 1120 aliquod
1297 1056 1572 1102 mendacium
1595 1057 1716 1120 quod
1756 1052 1758 1102 ss

336 1141 439 1175 tuuc
465 1129 716 1174 insinuabat
741 1128 982 1190 Propheta,
1004 1128 1049 1173 in
1067 1145 1156 1191 quo
1176 1128 1286 1173 nulli
1308 1137 1539 1191 pareatum
1563 1126 1609 1173 id
1626 1138 1715 1184 est,
1755 1168 1758 1182 ,

336 1201 367 1245 si
393 1210 573 1263 peccata
608 1216 684 1244 sua
712 1198 896 1261 quisque
920 1200 1118 1244 confiteli
1137 1199 1405 1244 detrectans.
1433 1197 1636 1244 defendat
1671 1217 1720 1245 ea
1756 1186 1758 1195 ἰ

336 1272 481 1334 potius
508 1307 519 1324 ,
547 1281 589 1315 et
611 1269 723 1315 nolit
746 1286 868 1328 agffele
892 1279 1234 1331 poenitentum
1262 1279 1311 1314 ut
1329 1285 1485 1331 palum
1529 1269 1582 1314 sit
1617 1269 1758 1339 quia

336 1351 539 1404 operatur
562 1339 866 1401 iniquitatem,
891 1339 973 1383 nisi
991 1339 1120 1384 etiam
1134 1343 1278 1398 justus
1303 1338 1440 1384 xideri
1462 1338 1610 1384 volens
1626 1356 1720 1385 me·-

338 1411 421 1456 dic
412 1428 464 1455 111·
459 1428 496 1455 e
515 1408 790 1455 confessionis
809 1425 897 1452 non
923 1424 998 1453 sut
1003 1409 1218 1453 cumbat:
1247 1419 1297 1454 ut
1314 1418 1355 1453 et
1372 1409 1466 1470 ipsa
1486 1410 1644 1455 verbol
1647 1426 1722 1455 um

342 1479 564 1525 distinctio
588 1495 675 1523 non
699 1477 819 1522 aliud
844 1477 1044 1522 intimare
1079 1476 1280 1522 videatur
1308 1495 1319 1522 :
1359 1498 1380 1518 «
1401 1477 1544 1523 Odisti
1573 1494 1720 1525 omnes

340 1571 360 1592 >³
384 1550 459 1612 qui
476 1558 714 1611 operantur
729 1546 1060 1610 iniquitate1n2;
1083 1568 1103 1587 >³
1127 1547 1201 1592 sed
1224 1564 1310 1592 11011
1339 1546 1496 1609 perdes
1513 1584 1524 1602 ‚
1550 1547 1586 1592 si
1617 1565 1722 1611 poe-

340 1618 516 1664 nitendo
542 1617 588 1663 in
617 1616 883 1662 confessione
911 1616 1135 1662 veritatem
1158 1617 1398 1680 loquantur
1414 1653 1425 1672 ‚
1453 1627 1501 1662 ut
1522 1617 1721 1665 faciendo

339 1691 462 1736 istam
482 1689 708 1734 veritatem
728 1687 903 1732 veniant
927 1687 980 1732 ad
1003 1687 1172 1740 lucem3
1194 1688 1306 1732 sicut
1324 1687 1367 1733 in
1395 1687 1628 1747 Evangelio
1653 1706 1724 1734 se-

339 1759 531 1805 cundum
560 1759 772 1803 Joannem
795 1756 958 1802 dicitur
989 1774 999 1800 ε
1027 1778 1047 1797 «
1070 1757 1159 1811 Qui
1183 1767 1325 1802 autem
1352 1756 1457 1802 facit
1478 1757 1720 1815 veritatem,

340 1852 359 1871 >2
387 1831 503 1876 venit
524 1829 578 1875 ad
595 1829 738 1874 lucem
754 1827 787 1874 3.
812 1827 972 1873 Perdes
1002 1837 1145 1871 autem
1179 1843 1325 1872 omnes
1345 1826 1423 1889 qui
1437 1863 1448 1882 ‚
1479 1843 1566 1872 non
1583 1827 1724 1874 solum

338 1921 359 1941 υ
380 1909 618 1963 operantur
644 1897 764 1961 quod
797 1896 951 1951 odisti,
993 1896 1067 1941 sed
1105 1895 1235 1941 etiam
1270 1896 1515 1958 loquuntur
1540 1897 1723 1943 menda-

341 1990 360 2011 »
385 1971 452 2015 ciu
460 1986 499 2014 111
518 1989 556 2021 ς»
572 1968 720 2013 falsam
734 1966 948 2025 justitiam
964 1964 1300 2028 praetendendo,
1314 1982 1393 2010 nec
1407 1965 1452 2010 in
1465 1966 1725 2029 poenitentia

341 2039 588 2086 confitendo
614 2048 810 2101 peccata.

402 2109 604 2155 XXXVI.
632 2109 667 2152 'N
675 2126 743 2153 am
756 2108 809 2153 de
823 2107 929 2152 falso
949 2106 1212 2162 testimonio⁵
1236 2107 1356 2169 quod
1373 2108 1418 2152 in
1442 2107 1589 2154 decem
1610 2126 1724 2172 prae-
1749 2097 1751 2100 ¹

337 2181 473 2244 ceptis
498 2180 622 2239 Legis
646 2179 836 2241 positum
863 2179 975 2234 esffl,
1003 2177 1124 2223 nullo
1156 2177 1288 2223 modo
1313 2178 1491 2241 quidem
1515 2180 1724 2226 contendi

339 2262 482 2316 potest
503 2288 514 2306 ,
540 2250 815 2296 dilectionem
833 2249 1022 2295 veritatis
1038 2249 1084 2294 in
1104 2247 1234 2294 corde
1252 2248 1505 2295 servandam
1522 2286 1534 2306 ‚
1560 2260 1603 2296 et
1618 2267 1720 2314 pro-

339 2321 566 2368 ferendum
583 2319 738 2365 falsum
755 2319 809 2364 ad
827 2336 924 2364 eum
941 2318 1061 2381 apud
1078 2335 1207 2382 quem
1225 2317 1388 2364 dicitur
1404 2319 1714 2367 testimonium.

343 2394 457 2437 Cum
483 2391 597 2436 enim
617 2390 708 2434 Deo
732 2399 902 2434 tantum
916 2388 1095 2444 dicitur,
1124 2399 1229 2433 tunc
1252 2399 1420 2434 tantum
1435 2389 1481 2433 in
1496 2387 1627 2434 corde
1645 2406 1723 2435 ve-

344 2463 447 2508 ritas
466 2459 766 2524 amplectenda
790 2469 852 2504 est
876 2476 886 2503 z
917 2476 1019 2505 cum
1044 2469 1188 2504 autem
1206 2458 1375 2505 homini
1394 2458 1572 2514 dicitur,
1593 2458 1723 2506 etiam

349 2551 420 2578 ore
437 2530 631 2594 corporis
658 2547 807 2575 verum
828 2529 1136 2593 proferendum
1160 2540 1219 2574 est
1245 2549 1255 2582 3
1281 2529 1382 2592 quia
1406 2529 1539 2574 homo
1560 2539 1723 2575 nonest

398 2616 501 2647 ¹P>alr
526 2627 553 2647 v,
575 2627 603 2653 7.
633 2632 675 2637 ——·
694 2613 809 2645 21bid.
828 2633 865 2638 -—·
886 2611 900 2635 3
918 2616 1085 2646 Joau.111.
1107 2625 1159 2644 21.
1184 2632 1220 2636 ›—
1250 2611 1375 2644 *Exmk
1396 2624 1446 2651 xx,
1468 2615 1518 2645 16.
