1758 3246
414 256 467 284 nr„
506 255 652 289 Aeonis
687 255 980 295 cumsnAno,
1019 258 1106 288 Lm.
1149 259 1180 288 1.
1406 244 1492 291 183

116 322 345 370 mitatibus
369 331 411 367 et
430 320 698 366 cruciatibus
710 329 752 364 et
769 319 949 364 miseriis
968 322 1266 369 membrorum
1281 340 1457 371 suorum
1477 341 1489 370 ε

117 409 216 456 quae
240 392 433 438 membra
457 389 612 435 dicunt
635 406 720 434 esse
739 389 970 435 commixta
991 390 1227 437 tenebrosis
1254 394 1492 445 visceribus

117 463 371 528 principum
391 461 585 515 illorum,
612 470 661 505 ut
681 476 750 505 eos
768 470 1074 523 temperarent,
1097 471 1139 506 et
1158 478 1182 506 a
1202 461 1346 509 furore
1363 483 1490 511 com——

115 544 350 599 pescerent.
385 533 440 576 Et
465 548 554 576 non
581 529 829 589 intelligunt
857 540 946 575 tam
978 530 1226 591 sacrilegam
1260 549 1346 578 esse
1369 552 1493 581 suam

114 616 291 659 sectam„
318 614 366 649 ut
385 602 564 648 credant
585 601 927 664 omnipotentem
950 602 1090 647 Deum
1108 619 1196 648 non
1215 620 1293 666 per
1310 616 1487 651 creatu-

114 692 205 722 ram
232 691 366 738 quam
385 672 555 728 fecerit,
585 671 656 717 sed
681 688 759 734 per
778 672 916 735 ipsam
943 682 1145 718 naturam
1169 689 1291 718 suam
1313 674 1494 721 bellasse

115 762 216 793 cum
231 744 417 789 tenebris
441 761 451 788 :
476 742 596 806 quod
618 741 736 788 nefas
752 752 815 787 est
837 741 1025 789 credere.
1052 742 1202 806 Neque
1222 743 1309 790 hoc
1329 744 1488 802 solum,

114 816 187 862 sed
210 816 341 862 etiam
363 814 459 860 illos
483 814 560 877 qui
583 813 689 859 victi
713 823 814 858 sunt
829 849 839 869 ‚
866 812 1003 859 factos
1027 830 1115 859 esse
1140 813 1336 861 meliores
1351 853 1362 872 ‚
1390 817 1497 880 quia

111 887 232 932 furor
255 902 404 931 eorum
424 901 694 947 compressus
710 893 797 929 est:
820 883 901 929 Dei
919 894 1062 930 autem
1076 893 1279 930 naturam
1297 903 1398 949 quae
1417 887 1489 932 vi-

112 957 190 1013 cit,
211 956 371 1002 factam
388 974 474 1001 esse
491 955 789 1001 miserrimam.
816 954 982 1000 Dicunt
995 955 1124 1000 etiam
1143 972 1235 1001 eam
1251 973 1331 1019 per
1349 956 1492 1019 ipsam

112 1027 462 1072 commixtionem
501 1025 739 1089 perdidisse
780 1025 1051 1071 intellectum
1091 1035 1133 1070 et
1173 1026 1493 1073 beatitudinem

112 1113 250 1153 suam,
287 1106 329 1141 et
350 1096 515 1156 magnis
548 1095 768 1141 erroribus
796 1105 838 1139 et
861 1094 1062 1140 cladibus
1084 1113 1171 1141 esse
1194 1096 1482 1159 implicatam.

113 1166 257 1222 Quam
278 1166 313 1211 si
343 1164 576 1228 aliquando
600 1164 669 1211 vel
695 1175 831 1210 totam
849 1165 1028 1228 purgari
1050 1164 1262 1222 dicerent,
1289 1184 1493 1226 magnam

114 1246 255 1281 tamen
289 1236 558 1298 impietatem
577 1246 731 1280 contra
763 1234 1107 1297 omnipotentem
1138 1235 1278 1280 Deum
1306 1235 1491 1283 affirma-

113 1315 224 1361 rent,
247 1309 371 1364 cujus
392 1315 562 1368 partem
583 1304 807 1349 crederent
834 1314 956 1350 tanto
980 1314 1176 1368 tempore
1205 1305 1251 1351 in
1272 1307 1493 1355 erroribus

109 1386 154 1420 et
174 1375 320 1439 poenis
344 1392 430 1420 esse
445 1379 653 1434 jactatam
670 1374 760 1419 sine
782 1374 925 1436 aliquo
943 1375 1117 1437 peccati
1133 1375 1328 1423 crimine.
1360 1378 1490 1424 Nunc

108 1462 208 1491 vero
234 1445 424 1492 infelices
443 1444 604 1490 audent
624 1443 772 1489 adhuc
796 1443 939 1489 dicere
962 1461 1042 1490 nec
1069 1455 1204 1492 totam
1227 1463 1353 1509 posse
1381 1461 1488 1510 pur·

107 1517 226 1576 gari3
251 1527 293 1561 et
311 1516 449 1579 ipsam
475 1526 644 1579 partem
666 1531 769 1578 quae
788 1514 968 1577 purgari
990 1531 1076 1561 non
1103 1517 1315 1578 potuerit,
1342 1520 1484 1580 profi-

107 1602 202 1631 cere
220 1585 276 1631 ad
298 1585 542 1640 vinculum,
570 1595 618 1630 ut
639 1584 740 1629 inde
768 1584 1015 1631 involvatur
1031 1596 1074 1631 et
1097 1585 1289 1646 illigetur
1308 1588 1486 1641 malitias·

107 1656 306 1719 sepulcro
325 1676 336 1709 ;
361 1666 402 1702 et
420 1656 482 1702 sic
503 1655 567 1701 ibi
592 1672 761 1718 semper
776 1656 832 1701 sit
847 1673 948 1718 pars
965 1656 1060 1719 ipsa
1082 1656 1163 1710 Dei
1181 1657 1354 1714 misera,
1382 1677 1485 1723 quae

107 1726 218 1776 nihil
244 1726 461 1791 peccavit,
494 1736 535 1771 et
561 1725 775 1786 affligatur
798 1726 842 1779 in
865 1736 1076 1773 aeternum
1095 1740 1268 1780 carcere
1289 1730 1487 1777 tenebra·

106 1813 220 1844 rum.
253 1797 349 1842 Hoc
375 1796 437 1842 illi
465 1796 640 1853 dicunt,
674 1808 723 1843 ut
754 1796 973 1860 simplices
1006 1798 1170 1844 animas
1199 1797 1367 1852 fallant.
1401 1801 1488 1849 Sed

106 1867 204 1931 quis
228 1878 318 1913 tam
343 1867 524 1931 simplex
551 1878 613 1913 est
628 1904 639 1924 ,
666 1879 715 1914 ut
743 1868 823 1914 ista
846 1885 934 1914 non
957 1869 1112 1914 sentiat
1137 1886 1226 1916 esse
1252 1870 1457 1931 sacrilega
1472 1908 1484 1928 ,

107 1938 270 2002 quibus
306 1938 522 1984 affirmant
555 1939 900 2002 omnipotentem
941 1941 1084 1985 Deum
1127 1941 1377 1987 necessitate
1401 1959 1488 2005 op-

107 2024 303 2071 pressum
339 2025 454 2063 esse,
489 2018 538 2053 ut
563 2019 734 2070 partem
769 2026 892 2054 suam
933 2009 1097 2056 bonam
1131 2020 1174 2055 et
1211 2010 1487 2058 innocentem

108 2078 238 2124 tantis
275 2077 474 2123 cladibus
505 2078 777 2124 obruendam
804 2089 846 2124 et
885 2090 1000 2125 tanta
1035 2081 1316 2128 immunditia
1347 2082 1491 2147 inqui-

108 2147 298 2194 nandam
322 2147 460 2203 daret,
485 2159 527 2193 et
545 2166 633 2194 non
654 2160 792 2195 totam
811 2150 995 2196 liberare
1017 2161 1184 2214 posset;
1217 2161 1260 2196 et
1284 2152 1404 2216 quod
1431 2153 1487 2199 li-

108 2218 258 2263 berare
282 2235 370 2263 non
388 2219 596 2281 potuerit,
610 2218 780 2265 aeternis
791 2220 976 2266 vinculis
993 2220 1244 2281 colligaret?
1265 2223 1375 2280 Quis
1385 2240 1485 2283 ergo

108 2288 186 2335 ista
211 2306 299 2334 non
319 2293 565 2335 execretur?
593 2290 703 2345 Quis
725 2308 813 2336 non
834 2291 1045 2350 intelligat
1074 2292 1212 2355 impia
1235 2310 1323 2339 esse
1340 2305 1382 2341 et
1406 2312 1484 2339 ne-

109 2357 269 2405 fanda?
288 2358 373 2404 Sed
388 2359 449 2405 illi
469 2359 646 2422 quando
666 2360 848 2423 capiunt
869 2361 1068 2407 homines
1083 2398 1094 2417 ‚
1120 2379 1209 2408 non
1245 2363 1325 2408 ista
1365 2363 1486 2425 prius

109 2427 286 2481 ‹licunt3
318 2445 418 2491 quae
448 2429 480 2474 si
507 2429 727 2486 dicerent,
758 2430 1018 2487 riderentur,
1057 2443 1131 2478 aut
1153 2432 1404 2492 fugerentur
1429 2435 1485 2479 al>

111 2498 312 2547 omnibus
333 2516 343 2543 ε
370 2499 442 2545 sed
467 2499 631 2559 eligunt
665 2500 856 2564 capitula
887 2501 940 2547 de
969 2503 1230 2566 Scriptum,
1253 2519 1354 2566 quae
1375 2504 1484 2550 sim-

112 2568 243 2629 plices
265 2568 462 2614 homines
480 2587 566 2615 non
584 2571 853 2633 intelligunt:
884 2583 927 2617 et
942 2590 1019 2635 per
1041 2573 1115 2619 illa
1131 2572 1359 2636 decipiunt
1380 2576 1477 2620 ani-
