1758 3246
188 334 361 366 CONTRA
396 331 663 366 MENDACIUM
692 334 749 365 AD
786 331 1091 375 CONSENTNJM,
1129 333 1215 365 mn.
1259 335 1291 366 1.
1365 320 1456 382 509

95 402 348 467 parabiliter
386 402 593 465 ampliore
630 400 825 448 mercede
843 437 854 456 ‚
893 416 1021 463 qumn
1058 399 1211 446 domus
1242 400 1329 447 illae
1353 419 1459 466 quas

96 473 179 519 sibi
202 472 394 518 fecerunt
412 472 457 517 in
477 483 587 518 terra
605 490 691 518 esse
713 480 947 536 potuerunt
968 487 979 515 z
1004 482 1274 516 morerentur
1297 471 1458 521 futurae

95 543 141 589 in
161 553 317 588 aeterna
336 541 556 597 felicitate,
579 553 757 588 mortem
776 557 988 605 perpessae
1006 557 1088 603 pro
1110 541 1458 592 innocentissima

95 614 284 660 veritate.
329 613 447 670 Quid
485 613 558 659 illa
593 614 637 659 in
673 613 873 666 Jericlm,
910 611 1127 674 numquid
1169 612 1252 658 hoc
1285 620 1457 677 posset?

96 684 248 729 Nonne
272 684 305 728 si
329 694 566 746 quaerentes
591 684 703 729 cives
723 680 970 727 mentiendo
993 698 1080 726 non
1099 680 1285 739 falleret,
1310 701 1459 732 verum

94 753 279 800 dicendo
293 752 470 798 latentes
487 753 679 817 hospites
697 752 931 816 proderet?
955 753 1021 797 An
1038 763 1180 815 posset
1195 753 1459 814 interrogan-

93 824 211 869 tibus
232 823 373 869 dicere
395 841 406 868 t
439 824 537 869 Scio
576 825 650 869 ubi
686 834 808 879 sunt,
835 822 907 868 sed
931 823 1065 868 Deum
1088 823 1217 868 timeo
1236 861 1246 880 ,
1279 842 1364 870 non
1390 843 1460 872 eos

94 894 262 957 prodo?
279 895 425 939 Posset
445 894 528 940 hoc
548 894 722 958 quidem
740 894 881 939 dicere
896 931 905 947 ‚
930 893 961 938 si
975 897 1066 953 jam
1084 904 1188 939 esset
1205 911 1303 940 vera
1324 897 1460 941 lsrae-

92 964 178 1010 litis
200 964 244 1009 in
264 981 349 1028 qua
372 964 498 1009 dolus
517 983 602 1010 non
627 964 754 1009 esset1
782 982 791 1009 :
821 964 939 1028 quod
962 963 1108 1009 futura
1129 975 1219 1010 erat
1236 982 1314 1028 per
1334 966 1459 1012 mise-

93 1034 327 1080 ricordiam
348 1035 426 1080 Dei
452 1035 658 1080 transiens
679 1035 732 1080 ad
751 1035 965 1080 civitatem
991 1035 1080 1080 Dei.
1107 1035 1266 1080 Verum
1291 1036 1353 1081 illi
1373 1037 1460 1083 hoc

94 1105 241 1150 audito
260 1141 271 1160 ,
291 1105 458 1167 inquies
475 1142 485 1161 ,
509 1105 625 1150 illam
645 1106 902 1168 perimerent
920 1141 930 1159 ‚
953 1104 1130 1149 domum
1149 1116 1454 1154 scrutarentur.

94 1176 179 1221 Sed
207 1176 420 1239 numquid
441 1193 705 1238 consequens
729 1186 846 1222 erat.
877 1186 925 1220 ut
945 1175 1040 1221 illos
1069 1176 1195 1220 etiam
1220 1194 1328 1240 quos
1358 1178 1462 1223 dlli«

92 1256 239 1306 genter
255 1245 548 1290 occultaverat
571 1245 848 1291 invenirent?
874 1247 1156 1308 Prospexerat
1176 1247 1288 1292 enim
1309 1249 1465 1294 cautis-

92 1316 198 1361 sima
221 1315 403 1370 mulier,
440 1325 481 1360 et
499 1315 559 1360 ibi
584 1333 654 1360 eos
686 1327 890 1379 posuerat
923 1316 1001 1361 ubi
1033 1316 1163 1362 latere
1192 1319 1456 1380 potuissent,

93 1386 255 1432 etiamsi
277 1386 313 1431 ei
335 1386 556 1431 mentienti
581 1386 792 1432 creditum
823 1404 910 1432 non
946 1387 1105 1434 fuisset.
1138 1388 1203 1432 Ita
1235 1399 1275 1434 et
1300 1389 1398 1446 illa,
1428 1392 1462 1436 si

95 1467 234 1503 tamen
255 1474 277 1502 a
299 1456 384 1502 suis
404 1456 572 1501 civibus
594 1467 698 1502 esset
723 1458 861 1502 occisa
880 1475 960 1520 pro
978 1458 1285 1504 misericordia}
1305 1477 1456 1523 opere,

91 1527 223 1573 vitam
255 1527 380 1572 istam
417 1526 648 1572 finiendam
690 1527 875 1589 pretiosa
921 1528 965 1572 in
1007 1538 1241 1590 conspectu
1285 1530 1461 1576 Domini

92 1608 228 1644 morte
252 1597 461 1654 finisset2,
483 1607 525 1643 et
553 1614 650 1656 erga
679 1597 774 1642 illos
803 1602 893 1657 ejus
922 1598 1182 1643 beneficium
1219 1600 1345 1645 inane
1374 1618 1461 1646 non

91 1668 250 1714 fuisset.
283 1667 391 1722 Sed,
413 1668 602 1732 inquieS,
635 1668 742 1731 quid
762 1669 794 1713 si
815 1679 856 1713 et
886 1668 938 1714 ad
961 1669 1083 1714 illum
1104 1668 1251 1715 locum
1281 1671 1358 1716 uhi
1391 1689 1460 1717 eos

93 1739 405 1794 occultaverat,
433 1739 485 1786 ii.
515 1757 536 1784 a
573 1740 735 1802 quibus
770 1740 1104 1803 quaerebantur,
1146 1742 1458 1804 perscrutando

92 1809 234 1854 omnia
252 1809 573 1872 pervenissent?
598 1811 681 1854 lsto
703 1809 831 1854 modo
849 1809 934 1855 dici
956 1821 1096 1873 potest
1118 1828 1128 1855 :
1161 1811 1279 1867 Quid
1300 1812 1331 1857 si
1358 1830 1459 1857 rnu-

91 1879 183 1925 lieri
202 1879 416 1925 vilissimae
441 1890 568 1942 atque
606 1880 863 1943 turpissimte
882 1918 892 1936 ,
926 1898 1012 1926 non
1045 1881 1180 1926 solum
1206 1883 1456 1939 mentienti,

92 1950 373 1996 verumetiam
410 1951 618 2012 pejeranti
653 1950 824 1996 credere
856 1951 1118 1997 noluissent?
1144 1952 1309 2016 Nempe
1332 1954 1460 1998 etium

91 2020 151 2066 sic
189 2030 473 2066 consecutura
502 2020 670 2066 fuerant
686 2058 696 2074 ‚
733 2038 833 2084 queo
858 2021 1049 2066 timendo
1077 2023 1251 2068 mentita
1287 2034 1362 2070 est.
1407 2025 1461 2068 Et

92 2090 169 2135 ubi
186 2092 388 2154 ponimus
408 2090 671 2136 voluntatem
695 2108 742 2136 uc
763 2101 1012 2154 potestatem
1038 2092 1144 2137 Dei?
1166 2095 1230 2138 An
1248 2092 1356 2138 forte
1374 2111 1461 2138 non

90 2170 290 2224 poterat,
313 2171 355 2206 et
378 2160 493 2206 illam
519 2178 597 2206 nec
621 2161 790 2206 civibus
810 2162 894 2206 suis
912 2162 1183 2207 mentientem
1210 2180 1288 2208 nec
1312 2163 1462 2208 homi-

90 2249 163 2276 nes
180 2231 258 2276 Dei
279 2231 533 2294 prodentem
548 2269 558 2286 ,
585 2243 626 2276 et
645 2231 739 2276 illos
763 2249 859 2276 suos
881 2232 936 2276 ab
957 2233 1075 2277 omni
1098 2234 1288 2296 pernicie
1311 2244 1455 2279 custo-

91 2301 209 2347 dire?
233 2303 267 2347 A
290 2318 378 2365 quo
400 2302 511 2347 enim
537 2313 579 2348 et
602 2313 700 2366 post
732 2302 921 2348 mulieris
945 2303 1220 2349 mendacium
1255 2305 1460 2350 custoditi

92 2382 212 2428 sunt,
241 2372 297 2417 ab
313 2390 362 2418 eo
378 2383 617 2435 potuerunt
633 2411 642 2428 ,
668 2374 742 2418 etsi
762 2373 834 2419 illa
854 2375 1030 2419 mentita
1051 2391 1139 2419 non
1156 2386 1285 2423 esset.
1310 2376 1458 2438 utique

92 2441 313 2489 custodiri.
346 2444 437 2488 Nisi
461 2444 571 2489 sorte
596 2444 722 2489 obliti
747 2461 894 2490 sumus
920 2444 1006 2489 hoc
1033 2445 1161 2490 fuisse
1186 2446 1231 2490 in
1261 2446 1458 2492 Sodomis

90 2511 278 2567 factum,
312 2513 390 2558 ubi
421 2514 599 2559 masculi
635 2514 679 2559 in
712 2514 923 2559 masculos
957 2513 1139 2560 nefanda
1175 2514 1356 2560 libidine
1377 2533 1453 2561 ac·-

92 2582 231 2629 censi2'·
248 2619 258 2639 ,
284 2599 363 2628 nec
381 2584 536 2629 ostium
562 2583 781 2630 demusin
805 2601 890 2648 qua
913 2594 1033 2629 erant
1052 2601 1159 2647 quos
1183 2586 1454 2649 quaerebant,

139 2666 259 2700 ¹Joau.
277 2677 299 2705 1,
318 2671 373 2712 47.
394 2684 434 2692 --
454 2665 470 2688 ²
490 2667 570 2700 Peat.
589 2678 660 2707 cxv,
685 2669 737 2700 15.
753 2685 795 2692 -
815 2664 1013 2712 3Gen.x1x‚
1038 2678 1088 2700 11.
