1758 3246
291 314 383 361 290
696 312 730 342 S.
774 309 1014 342 AUGUSTINI
1049 309 1250 341 EPISCOPI

292 378 360 423 tili
394 385 685 423 nascerentur.
725 376 856 432 Quod
895 377 928 422 si
964 375 1210 421 stultissime
1241 375 1431 432 dicitur,
1468 375 1660 424 habeant

290 446 437 492 fideles
470 456 624 510 nuptae
657 447 823 492 bonum
856 464 1004 502 suum,
1046 446 1099 491 de
1132 463 1220 509 quo
1247 446 1291 491 in
1327 445 1408 491 alio
1444 447 1661 493 volumine

291 528 505 580 quantum
530 517 671 563 visum
707 528 767 562 est
799 517 1105 569 disseruimus3
1134 527 1175 561 et
1201 516 1417 561 honorent
1444 517 1629 580 amplius
1646 556 1656 573 ‚

288 587 401 632 sicut
421 587 654 632 rectissime
673 596 988 632 consueverunt
1004 622 1015 641 ‚
1037 586 1081 630 in
1100 586 1229 630 sacris
1249 586 1490 646 virginibus
1511 587 1661 634 melius

288 673 435 702 earum
454 693 465 712 ,
490 656 543 701 de
560 673 647 719 quo
670 655 752 700 isto
777 672 969 700 sermone
988 654 1246 700 disserimus.

352 728 407 773 X.
452 727 562 771 Nam
587 742 639 770 ne
667 725 742 770 illo
771 725 947 788 quidem
972 725 1134 769 debent
1163 725 1477 771 continentium
1501 727 1662 773 meritis

287 814 329 842 se
349 795 542 841 conferre
573 795 800 855 conjugia,
827 794 945 858 quod
971 812 1018 839 ex
1048 795 1106 839 eis
1138 795 1322 854 Yirgines
1342 807 1657 858 procreantur:

286 867 373 912 hoc
393 866 506 911 enim
523 882 610 910 non
634 865 826 925 conjugii
847 866 1014 910 bonum
1035 875 1122 919 est,
1154 864 1228 909 sed
1255 875 1448 919 naturae3
1482 883 1581 928 quae
1601 867 1661 911 sic

288 936 497 981 divinitus
523 934 719 980 instituta
748 945 835 992 est,
861 946 909 980 ut
933 952 980 980 ex
1003 934 1202 997 quolibet
1224 935 1419 980 humano
1440 937 1663 998 utriusque

287 1022 406 1052 sexus
432 1005 673 1051 concubitu
689 1042 699 1060 ‚
730 1006 816 1051 sive
834 1005 1034 1050 ordinato
1063 1015 1105 1050 et
1128 1005 1310 1050 honesto
1326 1043 1336 1061 ‚
1371 1005 1456 1051 sive
1479 1007 1597 1068 turpi
1622 1017 1663 1051 et

286 1075 462 1131 illicito,
490 1074 609 1120 nulla
639 1074 818 1120 foemina
850 1075 932 1119 nisi
960 1075 1080 1133 xirgo
1112 1085 1337 1131 nascatur,
1371 1075 1490 1120 nulla
1520 1085 1663 1120 tamen

287 1163 406 1191 sacra
432 1145 553 1204 virgo
583 1145 777 1189 nascitur
801 1161 811 1188 :
838 1144 896 1188 ita
922 1144 972 1187 fit
995 1153 1044 1187 ut
1075 1144 1196 1202 virgo
1218 1155 1419 1190 nascatur
1449 1146 1576 1190 etiam
1612 1145 1664 1190 de

287 1227 438 1279 stupro
456 1252 467 1271 ,
494 1232 613 1260 sacra
638 1225 780 1260 autem
805 1214 926 1271 virgo
952 1230 1031 1258 nec
1054 1212 1106 1257 de
1127 1215 1345 1272 conjugio.

352 1287 431 1332 XI.
474 1286 565 1330 Nec
602 1302 679 1329 nos
716 1284 803 1329 hoc
836 1284 880 1329 in
912 1282 1154 1342 virginibus
1185 1281 1507 1344 praedicamus,
1544 1283 1664 1347 quod

285 1355 473 1415 virgines
497 1365 619 1407 sunt;
642 1353 714 1398 sed
739 1352 857 1416 quod
883 1354 973 1397 Deo
999 1351 1156 1397 dicatae
1178 1351 1252 1414 pia
1282 1352 1546 1398 continentia
1571 1354 1663 1398 xir-

287 1427 417 1485 gines.
453 1426 561 1469 Nam
576 1461 587 1480 ,
615 1423 734 1486 quod
757 1440 845 1468 non
867 1432 1020 1466 temere
1045 1420 1221 1465 dixerim
1244 1457 1254 1475 ‚
1279 1419 1446 1465 felicior
1463 1421 1574 1466 mihi
1592 1422 1663 1468 vi-

287 1494 415 1540 detur
437 1508 577 1556 nupta
610 1493 764 1538 mulier
799 1509 932 1555 quam
955 1491 1077 1550 virgo
1112 1501 1305 1553 nuptura
1335 1508 1346 1535 ι
1381 1491 1517 1536 habet
1549 1492 1662 1537 enim

282 1569 373 1624 jam
391 1563 464 1609 illa
481 1563 602 1626 quod
622 1563 701 1608 ista
727 1562 873 1608 adhuc
898 1562 1023 1624 cupit
1041 1598 1051 1617 ,
1072 1562 1313 1624 praesertim
1331 1561 1364 1606 si
1383 1561 1579 1607 nondum
1597 1562 1664 1607 vel

287 1651 443 1698 sponsa
460 1637 719 1696 cujusquam
743 1633 810 1679 sit.
845 1632 925 1677 Illa
949 1632 1024 1677 uni
1055 1631 1198 1676 studet
1221 1630 1420 1694 placere,
1459 1632 1531 1677 eui
1563 1632 1664 1677 data

288 1715 349 1749 est
372 1721 383 1748 2
407 1703 504 1749 haec
527 1703 676 1748 multis
693 1740 703 1757 ‚
730 1703 894 1747 incerta
916 1702 988 1746 cui
1017 1701 1163 1747 danda
1189 1712 1274 1755 est3
1297 1701 1384 1747 hoc
1416 1718 1503 1747 11110
1527 1702 1665 1764 pudi-

287 1774 435 1819 citiam
455 1773 728 1833 cogitationis
752 1771 946 1817 defendit
982 1790 1005 1816 a
1034 1772 1162 1816 turba
1179 1808 1189 1827 ,
1226 1771 1346 1834 quod
1380 1788 1468 1816 non
1492 1771 1665 1817 adulte-

287 1860 412 1899 rum,
454 1843 527 1888 sed
569 1843 774 1888 maritum
811 1842 966 1905 quaerit
1000 1841 1045 1886 in
1078 1842 1221 1887 turba.
1269 1841 1349 1886 Illa
1377 1841 1510 1901 igitur
1543 1842 1664 1902 virgo

289 1917 535 1972 conjugatae
570 1913 724 1957 merito
758 1911 1060 1975 praeponitur,
1096 1927 1195 1973 quae
1223 1927 1302 1956 nec
1326 1911 1599 1956 multitudini
1624 1929 1666 1956 se

289 1981 519 2027 amandam
543 1982 774 2045 proponit,
799 1998 898 2026 cum
932 1997 1122 2026 amorem
1151 1980 1277 2025 unius
1305 1997 1352 2025 ex
1385 1980 1666 2026 multitudine

287 2052 495 2115 inquirit3
515 2069 595 2097 nec
618 2069 658 2096 se
678 2051 752 2096 uni
771 2054 860 2111 jam
882 2049 1338 2113 componitim-ent01‚
1356 2051 1548 2110 cogitans
1565 2068 1666 2114 quae

288 2133 390 2168 sunt
429 2122 584 2167 mundi
603 2160 612 2171 ,
661 2120 881 2184 quomodo
926 2120 1099 2183 placeat
1145 2120 1266 2174 vir03
1311 2120 1384 2165 sed
1424 2120 1665 2183 speciosum

287 2191 428 2237 forma
447 2200 541 2256 Prae
565 2192 664 2237 filiis
681 2192 911 2236 hominum
934 2191 994 2235 sic
1016 2190 1205 2236 amavit2
1219 2228 1230 2247 ,
1251 2201 1300 2236 ut
1318 2191 1419 2253 quia
1437 2207 1536 2236 eum
1554 2191 1666 2236 sicut

289 2262 428 2308 Maria
463 2263 691 2326 concipere
724 2279 851 2307 carne
886 2278 974 2306 non
1006 2271 1172 2323 posset,
1209 2261 1247 2306 ei
1282 2260 1412 2306 corde
1454 2271 1667 2323 concepto

288 2332 419 2378 etiarn
438 2349 613 2378 carnem
635 2333 847 2391 integram
868 2330 1116 2377 custodiret.
1158 2331 1254 2376 Hoc
1288 2347 1419 2390 genus
1448 2331 1665 2390 virginum

288 2402 409 2448 nulla
425 2403 662 2467 corporalis
684 2401 948 2448 foecunditas
967 2401 1152 2464 protulit
1177 2418 1187 2445 :
1214 2418 1299 2445 non
1322 2411 1383 2445 est
1400 2400 1499 2445 haec
1523 2400 1666 2463 proles

291 2472 434 2517 carnis
451 2483 492 2518 et
515 2472 746 2533 sanguinis.
781 2471 826 2517 Si
849 2471 1006 2516 harum
1032 2470 1244 2534 quaeritur
1277 2480 1436 2526 mater,
1473 2470 1665 2516 Ecclesia

293 2545 368 2588 est.
399 2543 499 2589 Non
520 2543 638 2607 parit
662 2542 848 2602 virgines
877 2558 1016 2588 sacras
1045 2540 1127 2587 nisi
1150 2540 1271 2602 virgo
1294 2557 1413 2586 sacra
1430 2576 1442 2598 ‚
1469 2539 1542 2587 illa
1566 2556 1678 2604 quae·

342 2626 354 2650 ¹
371 2637 388 2658 2
406 2627 556 2673 Colunt,
573 2630 682 2666 34.-
697 2626 711 2649 2
726 2627 806 2660 Psal.
824 2638 910 2671 xmv,
928 2628 958 2660 3.
