1758 3246
527 307 581 336 ΒΕ
618 302 866 343 ammeio,
905 304 991 334 Llss.
1033 304 1062 333 1.
1378 283 1463 344 4²4¹

99 371 237 435 ipsius
262 381 368 427 erat,
404 369 515 416 illud
548 368 734 413 alienum
757 366 939 421 factum,
967 366 1164 428 quamvis
1191 365 1234 411 id
1258 366 1352 430 ipse
1371 384 1476 430 per-

101 443 480 504 petereturzcujus
503 448 644 483 autem
666 437 848 490 factum,
871 439 962 494 ejus
979 445 1020 479 et
1038 445 1280 497 peccatum.
1303 437 1473 492 Quam-

100 511 164 556 vis
187 511 300 555 enim
321 509 493 569 gravius
517 508 570 553 sit
592 506 881 551 homicidium
903 521 1033 567 quam
1055 504 1221 549 furtum
1241 522 1250 548 ε
1268 510 1390 566 pejus
1412 516 1474 551 est

99 591 243 625 tamen
276 578 414 623 facere
443 578 627 629 furtum,
663 593 793 639 quam
820 575 912 637 pati
941 572 1243 619 homicidium.
1269 576 1421 637 Itaque
1441 577 1475 621 si

99 649 303 712 cuiquam
327 657 661 710 proponeretur,
690 656 735 690 ut
755 645 789 689 si
808 643 971 688 furtum
997 642 1136 687 facere
1160 641 1309 696 noHet,
1335 643 1473 688 iuter-

99 719 314 772 ficeretur,
349 717 435 762 hoc
471 727 546 769 est,
577 714 920 760 committeretur
952 713 996 757 in
1028 728 1126 757 eum
1152 711 1471 765 homicidium3

95 789 199 852 quia
217 798 450 850 utrumque
466 787 624 832 evitare
643 802 729 830 non
748 794 911 847 posset,
929 782 975 828 id
993 783 1171 828 evitaret
1188 782 1334 844 potius
1353 782 1472 845 quod

97 874 223 902 suum
250 867 479 919 peccatum
503 866 625 909 esset,
658 871 789 917 quam
813 853 932 916 quod
962 852 1164 897 alienum.
1201 851 1291 896 Nec
1312 850 1409 896 ideo
1433 862 1474 896 et

95 927 205 972 illud
227 931 316 986 ejus
340 927 483 980 fieret,
511 925 613 988 quia
640 925 685 969 in
710 941 807 969 eum
834 923 1199 976 committeretur,
1228 931 1269 966 et
1296 922 1397 984 quia
1426 921 1473 966 id

94 1006 239 1059 posset
254 996 429 1051 evitare,
454 996 488 1040 si
509 1011 635 1040 suum
655 994 782 1039 vellet
803 993 1043 1038 admittere.

157 1065 251 1111 XV.
290 1066 425 1110 Totus
459 1065 606 1127 itaque
647 1064 723 1123 huj
733 1081 780 1108 us
814 1062 1067 1126 quaestionis
1106 1061 1246 1106 nodus
1287 1060 1342 1105 ad
1376 1061 1464 1106 hoc

95 1134 292 1189 adducit,
317 1146 364 1180 ut
383 1145 623 1198 quaeratur,
645 1143 793 1178 utrum
810 1132 999 1177 alienum
1023 1131 1189 1176 nullum
1214 1140 1464 1193 peccatum,

93 1205 290 1266 quamvis
311 1205 356 1249 in
375 1214 414 1248 te
437 1204 731 1257 commissum,
759 1202 842 1247 tihi
865 1203 1123 1264 imputetur,
1153 1201 1187 1245 si
1210 1201 1370 1245 leviore
1396 1210 1468 1245 tuo

92 1283 272 1335 peccato
296 1273 341 1317 id
364 1273 501 1335 possis
520 1273 694 1325 evitare,
718 1288 797 1316 nec
817 1270 1015 1316 faciszan
1042 1280 1219 1332 excepta
1241 1280 1302 1314 est
1326 1270 1466 1315 omnis

91 1340 369 1386 immunditia
396 1340 646 1403 corporalis.
682 1340 818 1384 Nemo
845 1340 958 1384 enim
983 1339 1170 1401 aliquem
1193 1338 1471 1383 immundum

93 1411 184 1455 fieri
208 1410 332 1465 dicit,
354 1410 387 1455 si
407 1409 650 1465 occidatur,
676 1420 753 1454 aut
775 1410 974 1455 mittatur
997 1410 1043 1454 in
1067 1425 1299 1465 carcerem,
1327 1419 1402 1454 aut
1427 1408 1472 1452 in

92 1480 276 1525 vinculis
294 1480 529 1535 habeatur,
550 1490 626 1525 aut
644 1479 899 1538 flagelletur,
920 1478 1175 1541 caeterisque
1191 1479 1412 1524 tormentis
1431 1489 1473 1524 et

91 1549 360 1595 cruciatibus
392 1550 618 1607 affligatur,
654 1559 728 1594 aut
756 1549 1060 1611 proscribatur
1087 1548 1341 1611 damnisque
1374 1548 1471 1594 affi-

91 1619 232 1664 ciatur
250 1618 509 1677 gravissimis
524 1636 657 1682 usque
676 1619 729 1664 ad
751 1619 949 1664 ultimam
967 1618 1229 1674 nuditatem,
1250 1629 1324 1663 aut
1343 1636 1470 1682 expo-

89 1688 218 1734 lietur
247 1687 491 1733 honoribus
516 1699 646 1751 atque
670 1689 861 1748 ingentes
883 1688 1071 1750 accipiat
1095 1689 1374 1734 contumelias
1392 1707 1470 1752 per

90 1774 381 1821 quaecumque
415 1758 612 1803 convicia
631 1757 877 1821 :quidquid
909 1758 1071 1802 horum
1101 1758 1283 1821 quisque
1313 1759 1468 1818 injuste

89 1843 238 1889 passus
258 1826 405 1881 fuerit,
430 1843 556 1871 nemo
577 1838 640 1872 est
664 1837 750 1871 tam
777 1826 950 1872 demens
968 1827 1045 1890 qui
1069 1843 1168 1872 eum
1190 1828 1469 1873 immundum

91 1896 186 1941 fieri
216 1897 346 1942 dicat.
381 1898 436 1940 At
456 1896 491 1940 si
513 1897 616 1941 fimo
641 1896 949 1960 perfundatur,
979 1906 1055 1941 aut
1077 1897 1110 1942 si
1129 1897 1213 1942 tale
1233 1897 1398 1960 aliquid
1433 1898 1471 1943 ei

91 1983 171 2028 per
194 1983 239 2011 os
263 1964 520 2011 infundatur
549 1966 617 2011 vel
648 1966 916 2021 inculcetur,
948 1967 1192 2030 patiaturve
1215 1967 1463 2024 muliebria,

91 2036 285 2080 omnium
300 2035 387 2080 fere
409 2051 552 2080 sensus
571 2035 796 2089 abhorret,
817 2047 859 2081 et
875 2047 1213 2099 conspurcatum
1235 2048 1364 2100 atque
1386 2038 1465 2083 im-

89 2105 302 2150 mundum
328 2115 500 2151 vocant.
539 2106 604 2150 Ita
628 2105 760 2164 igitur
783 2106 1139 2151 concludendum
1164 2118 1241 2162 est,
1271 2118 1318 2152 ut
1341 2125 1465 2171 quae-

89 2191 275 2238 cumque
295 2174 432 2220 aliena
459 2185 656 2237 peccata,
682 2177 868 2238 exceptis
895 2176 944 2220 iis
969 2192 1067 2238 quae
1092 2177 1369 2222 immundum
1394 2178 1464 2223 fa-

87 2244 210 2289 ciunt
234 2246 277 2289 in
297 2261 427 2307 quem
444 2244 795 2300 committuntur,
819 2263 907 2290 non
931 2247 1059 2291 evitet
1076 2247 1258 2310 quisque
1275 2248 1465 2310 peccatis

86 2313 190 2358 suis.
222 2329 360 2375 neque
382 2330 463 2375 pro
488 2330 546 2367 se,
574 2330 713 2375 neque
740 2332 822 2377 pro
853 2331 1094 2378 quoquam,
1120 2316 1193 2360 sed
1216 2333 1263 2361 ea
1288 2317 1461 2361 sufferat

85 2382 230 2444 potius
258 2382 513 2446 fortiterque
542 2383 758 2445 patiatur3
791 2396 832 2429 et
856 2386 888 2430 si
915 2384 1045 2429 nullis
1078 2386 1268 2447 peccatis
1301 2385 1386 2429 suis
1413 2402 1462 2431 ea

84 2450 214 2496 debet
246 2451 422 2507 evitare,
450 2468 587 2514 neque
612 2453 838 2500 mendacio
858 2454 961 2500 :illa
988 2470 1088 2499 vero
1124 2471 1223 2516 quae
1250 2454 1308 2499 ita
1336 2471 1460 2500 com-

82 2521 629 2578 mittunturinhominem,
652 2535 700 2568 ut
716 2541 813 2569 eum
832 2524 992 2570 saciant
1014 2524 1309 2579 immundum,
1331 2524 1459 2570 etiam

83 2590 269 2654 peccatis
288 2591 443 2639 nostris
461 2591 618 2638 evitare
636 2592 893 2647 deliea111u53
920 2612 967 2640 ac
988 2611 1066 2657 per
1082 2594 1169 2641 hoc
1186 2611 1264 2641 uec
1281 2605 1457 2658 peccata
