1758 3246
266 267 355 320 408
681 281 714 309 s,
759 280 1001 311 Aucus'rim
1038 281 1242 311 Eriscorl

262 349 386 404 cujus
409 342 517 388 vivit
536 344 728 391 maritus,
757 344 982 408 Numquid
1006 345 1080 391 hic
1103 346 1238 406 legem
1266 346 1428 392 Christi
1445 345 1632 393 dicimus

261 414 546 459 inhumanam
566 450 577 468 ,
609 430 693 476 qua
730 415 1007 459 constituitur
1038 431 1106 460 rea
1139 417 1248 461 tanti
1282 416 1473 461 criminis
1507 426 1633 479 atque

260 482 463 546 punitur„
486 499 617 545 quam
638 484 705 528 vir
724 483 840 529 nulla
863 488 953 543 ejus
976 485 1248 546 praecedente
1265 486 1546 531 fornicatione
1562 484 1634 530 di-

263 552 396 606 misit,
421 562 464 597 et
488 553 589 614 quia
620 569 854 614 paucorum
881 563 941 597 est
967 555 1202 610 continereq
1227 555 1486 601 dimittendo
1511 572 1636 600 com-

263 622 380 685 pulit
410 622 604 668 nubere?
629 625 720 667 Cur
744 640 831 668 non
856 623 929 668 hic
952 623 1140 668 dicimus
1174 625 1425 671 habendum
1451 643 1534 671 esse
1555 642 1636 688 pro

262 703 459 743 mortuo„
489 693 565 756 qui
592 692 701 736 male
724 693 982 738 dimittendo
1008 694 1128 756 prior
1158 696 1381 755 conjugale
1411 696 1637 742 vinculum

265 763 417 824 rupit?
439 764 546 807 Nam
563 779 648 825 qua
665 763 830 807 ratione
844 763 1041 808 dicturus
1058 780 1099 807 cs
1117 781 1212 809 eum
1234 765 1396 828 rupisse
1413 765 1636 810 vinculum

263 832 505 892 conjugale,
527 833 602 894 qui
626 832 726 878 licet
750 834 803 878 sit
828 834 1046 888 moechus,
1076 851 1163 879 non
1186 834 1348 879 dimisit
1374 851 1572 888 uxorem3
1598 844 1639 879 et

263 919 361 947 eum
384 920 471 947 non
494 903 677 965 rupisse,
703 903 777 965 qui
801 903 928 947 etiam
948 914 1108 948 castam
1133 903 1296 949 dimisit
1316 907 1520 950 uxorem?
1551 905 1639 964 Ego

263 980 408 1019 autem
433 973 533 1018 dico
550 973 594 1018 in
612 983 796 1035 utroque
809 990 981 1018 manere
1001 974 1086 1019 hoc
1108 974 1352 1030 vinculum,
1375 992 1463 1037 quo
1488 973 1641 1020 mulier

263 1044 437 1104 alligata
462 1054 547 1099 est,
574 1043 770 1105 quandiu
791 1044 857 1088 vir
882 1048 973 1103 ejus
997 1044 1129 1099 vivit,
1158 1045 1244 1090 sive
1270 1045 1495 1090 continens
1511 1081 1520 1099 ‚
1556 1044 1642 1089 sive

263 1115 466 1161 moechus
490 1132 500 1159 ε
523 1124 564 1159 et
584 1113 681 1159 ideo
702 1113 919 1158 moechari
943 1131 1033 1158 eam
1055 1131 1155 1176 quae
1173 1114 1347 1160 dimissa
1366 1113 1576 1177 nupserit,
1602 1122 1643 1158 et

264 1185 482 1231 moechari
502 1201 599 1230 eum
625 1183 701 1247 qui
725 1181 944 1227 dimissam
967 1183 1153 1238 duxerit,
1179 1184 1267 1229 sive
1291 1202 1313 1229 a
1339 1184 1534 1238 moecho,
1559 1182 1644 1227 sive

267 1274 290 1301 a
316 1256 564 1301 continente
594 1253 767 1299 dimissa
795 1253 875 1305 sit;
907 1253 1113 1316 quoniam
1141 1273 1161 1293 ε(
1187 1253 1344 1297 Mulier
1368 1252 1538 1312 alligata
1561 1262 1640 1305 est,

267 1348 287 1368 ))
308 1325 508 1390 quandiu
530 1325 597 1370 vir
618 1329 709 1383 ejus
746 1323 869 1369 vivit.
900 1345 918 1364 a>
941 1323 1025 1368 Sed
1047 1340 1163 1369 nunc
1198 1323 1251 1367 de
1286 1322 1471 1386 querelis
1494 1322 1644 1367 incon-

267 1396 501 1441 tinentium
526 1394 815 1456 disputamus,
848 1392 966 1448 Quid
990 1392 1103 1437 enim
1135 1392 1307 1437 videtur
1327 1392 1484 1452 justius
1513 1391 1646 1451 hujus

268 1465 458 1512 mulieris
481 1464 673 1528 querela,
702 1478 802 1525 quae
829 1462 937 1507 dicit
961 1480 970 1506 :
996 1463 1179 1508 Dimissa
1208 1480 1322 1518 sum,
1356 1479 1444 1507 non
1469 1461 1641 1515 dimisig

267 1547 308 1581 et
326 1535 534 1598 quoniam
558 1533 780 1578 continere
800 1548 1041 1594 paucorum
1065 1543 1143 1588 est,
1168 1550 1255 1578 non
1276 1549 1341 1577 me
1361 1532 1575 1587 continui,
1595 1548 1647 1577 ne

266 1606 506 1652 fornicarer
528 1603 688 1667 nupsi3
719 1613 761 1647 et
783 1602 906 1648 dicor
933 1603 1173 1659 moechata,
1203 1604 1306 1666 quia
1331 1602 1475 1666 nupsi.
1507 1603 1646 1647 Num-

270 1675 378 1740 quid
398 1685 581 1737 propter
598 1673 732 1732 hujus
757 1673 878 1735 quasi
896 1677 1059 1732 justam
1083 1673 1321 1737 querelam,
1347 1672 1482 1732 legem
1501 1689 1649 1717 cense—

271 1746 417 1791 bimus
442 1743 696 1790 mutandam
723 1760 809 1789 esse
830 1743 1023 1789 divinam
1041 1781 1051 1799 ‚
1080 1754 1129 1788 ut
1149 1744 1274 1789 istam
1294 1760 1382 1789 non
1404 1741 1650 1802 judicemus

274 1815 545 1861 adulteram?
566 1814 703 1860 Absit.
731 1813 815 1860 Sed
838 1813 1118 1877 respondebis
1136 1831 1223 1859 non
1243 1831 1334 1858 eam
1359 1813 1559 1858 debuisse
1579 1811 1651 1857 di-

271 1886 404 1940 mitti,
429 1886 531 1948 quia
557 1885 854 1930 fornicationis
875 1884 995 1929 nulla
1022 1901 1147 1929 causa
1171 1893 1460 1946 praecesserat.
1491 1882 1652 1927 Verum

275 1954 384 2000 dicis
406 1972 416 1999 ε
437 1972 537 2000 nam
558 1963 789 2016 peccatum
814 1954 957 1999 mariti
981 1957 1072 2013 ejus
1100 1955 1308 1999 Dominus
1331 1953 1551 2016 expressit,
1577 1951 1654 1997 ubi

275 2026 334 2070 ait
354 2043 364 2069 z
386 2046 406 2065 α
426 2025 512 2080 Qui
528 2024 738 2069 dimiserit
759 2042 933 2070 uxorem
955 2041 1093 2079 suam,
1117 2035 1293 2087 excepta
1310 2041 1438 2069 causa
1456 2023 1653 2068 fornica—

278 2117 299 2137 »
319 2094 473 2150 tionis,
508 2093 613 2139 facit
645 2111 739 2139 eam
770 2095 1031 2141 moechari?
1058 2116 1078 2135 ›>
1098 2094 1181 2140 Sed
1209 2094 1423 2157 numquid
1451 2093 1529 2138 ista
1556 2093 1653 2139 ideo

276 2164 484 2210 nubendo
513 2174 662 2226 postea
685 2181 772 2209 non
796 2164 1011 2227 peccavit,
1036 2166 1138 2227 quia
1162 2165 1283 2227 prius
1303 2163 1563 2208 dimittendo
1582 2162 1654 2208 ille

274 2235 505 2299 peccavit?
542 2234 660 2290 Quid
693 2252 792 2294 ergo
823 2236 859 2280 ei
894 2234 1096 2297 prodest,
1134 2234 1252 2297 quod
1284 2233 1336 2278 de
1369 2233 1458 2292 lege
1491 2232 1656 2277 Christi

277 2304 433 2351 mulier
452 2305 725 2350 incontinens
736 2305 1047 2369 quei‘itur‚11‘iisi
1068 2317 1115 2350 ut
1132 2321 1405 2350 murmurans
1415 2303 1654 2366 puniatur?

340 2376 418 2421 XI.
458 2374 557 2419 Jam
583 2391 698 2419 nunc
716 2375 844 2420 etiam
870 2375 941 2420 illa
968 2374 1207 2430 videamus,
1235 2391 1334 2436 quae
1360 2372 1443 2418 alio
1466 2372 1562 2417 loco
1583 2372 1655 2417 in-

279 2456 509 2507 terponens
543 2443 765 2499 addidisti,
804 2462 957 2508 meque
994 2444 1046 2489 ad
1078 2463 1125 2489 ea
1160 2443 1418 2507 respondere
1449 2441 1652 2488 voluisti:

278 2516 352 2562 uhi
386 2526 427 2560 te
465 2525 631 2571 movet,
666 2526 706 2562 et
738 2515 951 2562 miseraris
983 2515 1220 2561 hominium.
1259 2514 1333 2578 qui
1367 2513 1528 2559 cubare
1556 2529 1656 2559 cum

330 2597 472 2630 mituli.
497 2609 524 2629 v,
550 2600 597 2628 32,
