1758 3246
308 284 391 329 182
721 300 754 328 S.
799 299 1042 330 Accus‘rffll
1078 300 1283 330 Episcom

288 388 294 390 -
361 366 440 410 lll.
484 364 556 410 Sic
579 373 619 410 et
643 363 875 427 Apostolus
901 365 1026 421 dicit,
1055 366 1174 430 quod
1202 367 1247 412 in
1267 366 1495 430 semetipso
1507 347 1687 431 pugnat

298 433 500 479 adversus
518 435 753 480 Potestates
778 436 1013 481 exteriores,
1038 437 1109 481 Ait
1133 437 1246 482 enim
1272 454 1282 480 ε
1310 459 1329 478 «
1352 438 1383 481 Ν
1391 454 1447 482 on
1464 448 1525 483 est
1547 438 1674 494 nobis

296 524 317 543 »
341 503 595 550 colluctatio
620 505 821 551 adversus
852 522 1023 551 carnem
1053 517 1094 551 et
1121 507 1372 566 sanguinem
1391 545 1401 563 ,
1428 507 1500 553 scd
1525 508 1674 554 adver-

294 593 314 613 »
339 590 410 619 sus
435 574 660 638 Principes
693 585 734 619 et
768 576 1004 620 Potestates
1028 575 1160 635 hujus
1188 576 1359 631 mundi,
1387 588 1574 623 rectores
1597 578 1675 624 ha-

294 663 315 684 »
341 659 439 689 rum
458 645 753 700 tenebrarum,
777 644 977 690 adversus
997 645 1209 708 spiritalia
1227 646 1434 709 nequitiae
1454 647 1499 693 in
1518 648 1672 695 coeles-

294 735 316 756 »
340 715 507 762 tibus‘l.
533 738 553 757 »
585 715 761 761 Coelum
788 716 901 760 enim
921 715 1083 761 dicitur
1101 727 1142 761 et
1169 716 1247 761 iste
1272 721 1365 773 aer,
1391 717 1470 763 ubi
1492 719 1612 765 venti
1634 729 1675 764 et

293 786 432 831 nubes
452 797 494 831 et
514 786 719 849 procellae
741 796 782 831 et
804 786 998 831 turbines
1016 787 1145 842 fiunt,
1170 786 1281 831 sicut
1298 787 1426 833 etiam
1447 787 1676 853 Scriptura

292 857 402 903 dicit
421 857 567 903 multis
584 857 690 903 locis
713 874 724 901 t
748 877 768 898 α
786 857 840 901 Et
863 857 1053 902 intonuit
1069 856 1121 902 de
1141 856 1253 902 coelo
1275 859 1490 904 Dominus
1505 859 1522 887 2
1542 876 1553 904 :
1573 881 1592 901 η
1607 870 1672 916 et,

294 927 440 972 «Aves
467 927 571 973 coeli
585 927 621 983 ³,
641 948 661 968 ›>
684 937 741 982 et,
771 948 791 967 «
808 926 1009 972 Volatilia
1034 925 1231 981 coelil⁸;›>
1266 944 1367 973 cum
1397 927 1676 975 manifestum

285 996 339 1042 sit
374 1013 469 1042 aves
505 997 550 1042 in
582 1000 680 1041 aere
711 996 868 1042 volare.
919 998 975 1042 Et
1012 1013 1090 1042 nos
1128 997 1174 1042 in
1210 997 1523 1043 consuetudine
1550 999 1675 1045 hunc

295 1072 442 1112 aerem
468 1066 632 1112 coelum
665 1066 933 1129 appellamus
958 1084 969 1111 ε
997 1084 1098 1112 nam
1118 1084 1220 1113 cum
1245 1067 1298 1112 de
1321 1084 1467 1113 sereno
1495 1068 1565 1114 vel
1587 1085 1675 1114 nu-

291 1135 384 1181 bilo
406 1136 661 1199 quaerimus,
688 1135 921 1200 aliquando
945 1135 1160 1181 dicimus:
1191 1137 1342 1193 Qualis
1368 1148 1431 1182 est
1456 1140 1566 1183 a'er'?
1593 1138 1676 1183 ali-

293 1206 471 1270 quando
494 1224 504 1251 t
542 1207 683 1263 Quale
706 1218 767 1252 est
789 1206 984 1252 coelum?
1010 1208 1103 1252 Hoc
1127 1206 1215 1252 dixi
1231 1245 1241 1263 ‚
1276 1224 1329 1252 ne
1350 1207 1448 1271 quis
1468 1207 1678 1254 existimet

294 1276 359 1321 ibi
382 1277 582 1323 habitare
602 1277 716 1323 mala
747 1277 964 1323 daemonia
981 1314 992 1333 ,
1027 1277 1106 1322 ubi
1124 1277 1274 1332 solem,
1301 1277 1451 1323 lunam
1470 1289 1511 1323 et
1539 1277 1677 1323 stellas

292 1346 409 1391 Deus
438 1346 670 1393 ordinavit.
702 1347 814 1403 Quae
846 1346 958 1392 mala
983 1346 1198 1392 daemonia
1222 1346 1320 1393 ideo
1346 1346 1575 1411 Apostolus
1593 1364 1677 1411 ap-

291 1416 429 1478 pellat
453 1416 713 1479 spiritalia5‚
737 1417 839 1480 quia
858 1416 987 1461 etiam
1004 1416 1107 1462 mali
1125 1416 1264 1476 angeli
1285 1417 1330 1462 in
1349 1417 1588 1481 Scripturis
1604 1418 1677 1464 di*

290 1486 402 1532 vinis
436 1487 613 1549 spiritus
645 1486 935 1549 appellantur.
976 1486 1081 1531 Ideo
1112 1497 1256 1532 autem
1291 1498 1479 1533 rectores
1517 1488 1678 1534 harum

292 1556 571 1601 tenebrarum
590 1573 660 1601 eos
677 1555 802 1610 dicit,
832 1555 1041 1618 quoniam
1065 1567 1314 1618 peccatores
1334 1557 1534 1603 homines
1553 1568 1678 1603 tene-

291 1625 394 1671 bras
420 1624 630 1689 appellat‚
659 1625 821 1689 quibus
850 1625 919 1670 isti
947 1624 1244 1672 dominantur.
1276 1626 1382 1671 Ideo
1408 1637 1449 1672 et
1473 1626 1556 1672 alio
1580 1626 1678 1673 loco

291 1695 400 1741 dicit
419 1712 430 1740 ε
457 1716 476 1736 α
495 1695 652 1741 Fuistis
676 1695 792 1740 enim
816 1695 1051 1758 aliquando
1070 1696 1280 1753 tenebrae‚
1301 1713 1420 1742 nunc
1441 1706 1587 1743 autem
1605 1696 1678 1743 lux

294 1785 315 1806 Χ>
335 1765 381 1810 in
417 1766 666 1811 Domino⁶:
689 1787 710 1807 »
730 1766 833 1830 quia
870 1783 917 1810 ex
943 1767 1247 1829 peccatoribus
1276 1767 1507 1825 justificati
1534 1776 1670 1814 erant.

295 1835 394 1881 Non
422 1850 523 1895 ergo
543 1836 805 1882 arbitremur
829 1836 873 1881 in
893 1852 1062 1881 summo
1086 1836 1200 1882 coelo
1224 1836 1427 1882 habitare
1451 1835 1678 1883 diabolum

294 1921 396 1950 cum
417 1906 574 1965 angelis
594 1906 697 1962 suis,
726 1906 841 1951 unde
859 1906 1030 1969 lapsum
1048 1923 1133 1951 esse
1146 1906 1377 1954 credimus.

357 1974 431 2021 IV.
475 1975 548 2020 Sic
571 1975 685 2020 enim
716 1987 968 2021 erraverunt
998 1976 1257 2031 Manichaei,
1293 1976 1370 2039 qui
1403 1975 1558 2021 dicunt
1584 1987 1680 2023 ante

290 2044 444 2089 mundi
482 2045 832 2090 constitutionem
869 2045 998 2090 fuisse
1030 2056 1199 2105 gentem
1242 2045 1553 2103 tenebrarum,
1581 2063 1681 2110 quae

290 2124 440 2159 contra
480 2115 622 2159 Deum
661 2115 887 2160 rebellavit
918 2133 927 2160 :
967 2115 1012 2160 in
1041 2132 1129 2178 quo
1161 2114 1278 2160 bello
1316 2115 1503 2160 credunt
1536 2117 1680 2163 miseri

293 2185 631 2248 omnipotentem
678 2186 818 2230 Deum
857 2202 944 2230 non
983 2185 1067 2230 sibi
1105 2185 1226 2230 aliter
1269 2185 1459 2248 potuisse
1495 2202 1679 2232 succur-

292 2271 400 2311 rere,
422 2256 501 2301 nisi
527 2266 698 2318 partem
725 2273 846 2300 suain
868 2267 1019 2301 contra
1044 2273 1139 2301 eam
1168 2257 1373 2302 mitteret.
1407 2256 1544 2315 Cujus
1582 2274 1680 2316 gen-

293 2326 342 2370 tis
363 2326 608 2389 principes,
632 2326 744 2371 sicut
768 2327 830 2371 illi
850 2327 1022 2383 dicunt,
1050 2327 1370 2373 devoraverunt
1386 2337 1556 2389 partem
1579 2327 1676 2382 Dei,

291 2407 333 2439 et
357 2396 584 2459 temperati
608 2406 709 2441 suut
729 2407 777 2441 ut
797 2408 942 2459 posset
964 2397 1156 2442 mundus
1175 2397 1228 2442 de
1252 2396 1336 2442 illis
1358 2395 1581 2443 fabricari.
1607 2397 1679 2443 Sic

288 2465 441 2510 dicunt
472 2467 612 2512 Deum
633 2468 874 2529 pervenisse
902 2467 956 2512 ad
985 2467 1213 2513 victoriam
1237 2484 1338 2512 cum
1364 2466 1529 2526 magnis
1555 2467 1677 2512 cala-

342 2558 350 2577 ¹
374 2556 488 2596 Epium.
517 2568 559 2592 vi,
590 2568 639 2588 12.
655 2575 700 2580 -
716 2556 732 2578 ‘²
748 2558 829 2590 Psal.
847 2568 928 2596 xvir,
954 2563 1003 2592 14.
1020 2576 1064 2580 —
1081 2555 1156 2588 31d.
1177 2569 1246 2595 vm,
1266 2570 1298 2597 9.
1316 2575 1360 2581 —-
1388 2554 1402 2579 ⁴
1421 2557 1526 2589 Mauh
1555 2568 1601 2595 vr,
1622 2558 1677 2588 26·

359 2607 370 2627 ²}
390 2609 491 2650 {fiilios
524 2622 564 2641 Η,
587 2622 636 2639 1⁶2.
658 2608 730 2633 —f'
758 2610 804 2640 hl.
829 2623 858 2642 ν,
880 2612 908 2639 9.
