1758 3246
369 294 426 323 DE
460 294 560 323 FIDE
595 294 649 324 ET
684 294 922 335 OPERIBUS,
965 295 1048 325 [ΑΒ.
1094 297 1124 326 Ῑ.
1385 284 1446 344 (19

80 357 143 403 vis
162 356 208 402 in
230 356 352 402 malis
374 356 534 402 talibus
559 369 829 421 perseverent
844 396 854 414 ,
880 358 986 403 salvi
1012 371 1139 404 erunt
1163 377 1241 423 per
1266 361 1407 421 ignem
1435 378 1444 406 :

82 436 207 489 atque
240 426 336 471 ideo
360 426 403 471 in
433 427 607 473 Christo
640 428 869 491 baptizati,
915 429 1041 473 etiam
1066 429 1142 491 qui
1181 431 1280 475 talia
1315 443 1451 490 agunt

81 511 259 554 regnum
291 495 371 540 Dei
405 496 703 560 possidebunt.
749 499 924 543 Frustra
956 509 1098 543 autem
1128 498 1290 544 dicitur
1316 518 1325 544 :
1355 522 1375 541 ι(
1396 503 1452 546 Et

82 585 103 605 »
125 563 223 608 haec
260 564 437 626 quidam
467 565 632 622 fuistis,
677 566 752 611 sed
791 567 928 612 abluti
963 566 1086 612 estis‘1
1109 584 1120 611 ε
1145 589 1164 608 »
1204 568 1380 630 quando
1411 580 1454 613 et

82 632 221 677 abluti
243 632 340 678 haec
358 645 471 681 sunt.
502 636 691 681 Inaniter
715 637 844 681 etiam
870 636 980 681 illud
1002 655 1023 682 a
1050 638 1177 681 Petro
1199 637 1367 682 dictum
1391 638 1453 682 vi-

82 701 287 747 debitur:
311 724 332 745 «
351 704 423 750 Sic
442 715 484 750 et
508 723 581 751 vos
605 706 733 751 simili
757 706 896 752 forma
916 707 1134 769 baptisma
1165 707 1303 752 salvos
1325 706 1448 763 facit,

84 792 104 812 »
129 788 216 816 non
245 773 386 819 carnis
417 773 630 837 depositio
662 775 856 820 sordium
874 813 884 831 ,
917 776 988 821 sed
1021 776 1296 821 conscientiae
1323 776 1454 821 bonae

83 861 104 882 »
129 840 404 901 interrogatio
420 843 437 871 2
461 861 472 888 :
501 865 521 885 »
547 843 758 907 siquidem
795 855 835 889 et
868 845 1079 890 habentes
1107 845 1311 907 pessimas
1336 861 1458 890 cons-

82 910 260 956 cientias
277 912 472 958 omnium
503 913 766 972 flagitiorum
785 924 827 958 et
852 913 1060 959 scelerum
1079 914 1246 977 plenas,
1273 931 1352 959 nec
1382 931 1460 959 co·-

85 995 182 1024 rum
210 980 422 1026 malorum
448 983 707 1045 poenitentia
733 993 936 1038 mutatas,
964 994 1108 1028 tamen
1132 984 1352 1046 baptisma
1373 983 1461 1029 sal-

85 1066 159 1096 vos
188 1049 326 1095 facit:
351 1062 533 1113 propter
565 1051 897 1096 fundamentum
934 1052 1048 1097 enim
1080 1052 1197 1116 quod
1235 1053 1281 1098 in
1311 1053 1463 1098 codem

85 1119 344 1182 baptismate
373 1121 570 1182 ponitur,
608 1120 710 1165 licet
734 1137 812 1183 per
837 1122 981 1180 ignem
1001 1159 1010 1177 ,
1041 1122 1147 1168 salvi
1170 1133 1310 1169 erunt.
1343 1122 1461 1168 Illud

87 1205 260 1251 quoque
283 1206 371 1234 non
394 1189 520 1234 video
550 1206 628 1234 cur
657 1190 869 1234 Dominus
899 1190 1052 1235 dixerit
1075 1209 1085 1235 ε
1113 1212 1134 1232 c<
1154 1192 1200 1236 Si
1227 1192 1290 1236 vis
1314 1192 1461 1237 venire

88 1280 109 1301 »
133 1258 188 1303 ad
206 1259 356 1314 vitam,
384 1276 503 1305 serva
519 1259 723 1304 mandata
738 1262 755 1287 ³⁵
773 1279 784 1313 ;
806 1281 825 1300 υ
842 1270 884 1305 ct
908 1261 1265 1306 commemoravit
1296 1278 1341 1305 ea
1360 1277 1461 1323 quse

88 1328 144 1374 ad
165 1330 303 1374 bonos
326 1346 464 1374 mores
494 1329 712 1392 pertinent
736 1347 746 1373 z
776 1329 810 1374 si
833 1330 961 1375 etiam
992 1331 1060 1376 his
1090 1348 1177 1375 non
1210 1331 1385 1376 servatis
1407 1329 1463 1375 ad

85 1400 220 1445 vitam
239 1400 375 1446 veniri
393 1410 536 1463 potest
558 1416 636 1463 per
650 1399 783 1445 solam
802 1399 951 1455 fidem,
972 1417 1073 1462 quae
1102 1422 1122 1441 α
1139 1401 1238 1445 Sine
1254 1401 1462 1463 operibus

88 1492 110 1512 »
133 1481 304 1516 mortua
326 1470 429 1516 esth.
454 1491 475 1511 ›>
499 1469 615 1515 Illud
639 1469 795 1514 deinde
812 1470 1036 1532 quomodo
1049 1487 1200 1515 verum
1221 1471 1319 1526 erit,
1345 1469 1465 1534 quod

87 1540 147 1585 eis
169 1557 277 1602 quos
295 1540 350 1585 ad
374 1539 589 1585 sinistram
613 1539 833 1601 positurus
856 1549 918 1583 est
946 1539 1062 1584 dicet
1083 1557 1093 1584 ε
1122 1560 1142 1581 «
1166 1542 1230 1585 Ite
1254 1540 1300 1585 in
1319 1540 1463 1599 ignem

91 1632 112 1651 ³>
137 1620 368 1661 aeternum,
397 1610 474 1672 qui
496 1619 672 1671 paratus
697 1619 758 1653 est
787 1608 963 1653 diabolo
995 1619 1037 1653 et
1081 1609 1240 1668 angelis
1274 1612 1365 1668 ejus
1379 1609 1411 1655 5.
1440 1631 1461 1649 »

91 1696 199 1741 quos
233 1695 322 1724 non
357 1678 571 1741 increpat,
603 1678 707 1740 quia
742 1678 788 1722 in
815 1694 913 1722 eum
935 1695 1020 1723 non
1056 1678 1362 1735 crediderunt,
1390 1678 1464 1723 scd

91 1749 193 1812 quia
225 1749 342 1793 bona
377 1765 508 1811 opera
546 1765 631 1792 non
662 1747 872 1793 fecerunt.
916 1749 1026 1792 Nam
1057 1748 1254 1810 profecto
1286 1765 1339 1793 ne
1378 1748 1458 1792 sibi

89 1817 320 1881 quisquam
346 1817 399 1862 de
420 1817 506 1862 fide
525 1854 535 1872 ,
564 1833 664 1879 quae
690 1816 779 1861 sine
807 1817 1012 1879 operibus
1034 1829 1207 1863 mortua
1223 1828 1302 1873 est,
1328 1817 1463 1863 vitam

92 1887 318 1951 promittat
340 1892 544 1932 aeternam
561 1923 572 1942 ,
608 1897 840 1949 propterea
873 1904 1019 1932 omnes
1046 1898 1188 1947 gentes
1218 1897 1465 1947 segregatu-

91 1974 192 2003 rum
214 1974 257 2002 se
284 1956 408 2012 dixit,
435 1973 536 2019 quae
560 1957 783 2019 permixtae
807 1956 964 2002 eisdem
996 1958 1169 2019 pascuis
1197 1958 1460 2013 utebantur,

91 2038 141 2072 ut
165 2036 374 2090 appareat
391 2043 462 2071 eos
484 2026 547 2071 illi
570 2026 762 2071 dicturos
785 2044 795 2070 :
824 2047 844 2067 α
865 2026 1066 2082 Domine,
1086 2027 1264 2090 quando
1284 2037 1325 2072 te
1343 2027 1464 2073 vidi-

98 2119 119 2139 »
138 2113 233 2142 mus
249 2096 324 2142 illa
344 2106 385 2141 et
400 2096 474 2141 illa
491 2095 725 2159 patientem
737 2132 746 2150 ,
767 2106 808 2140 et
824 2113 912 2141 non
935 2096 1273 2143 ministravimus
1286 2097 1367 2143 tibi
1380 2099 1398 2126 ⁶
1413 2101 1432 2143 9
1445 2120 1465 2139 »

96 2167 170 2230 qui
189 2168 234 2213 in
255 2184 353 2213 eum
373 2165 660 2221 crediderant,
679 2164 752 2210 sed
767 2166 882 2210 bona
903 2166 1072 2228 operari
1086 2183 1173 2211 non
1189 2177 1463 2222 curaverant,

92 2248 300 2301 tanquam
333 2237 386 2283 de
431 2237 526 2299 ipsa
559 2235 645 2280 fide
681 2246 855 2280 mortua
893 2235 948 2280 ad
987 2235 1120 2281 vitam
1163 2236 1461 2298 perveniretur

96 2319 312 2354 aeternam.
345 2308 412 2352 An
435 2306 545 2351 forte
573 2305 703 2350 ibunt
724 2305 769 2349 in
801 2305 945 2364 ignem
978 2316 1189 2351 aeternum
1218 2306 1295 2370 qui
1333 2324 1463 2370 opera

96 2376 402 2425 misericordiae
422 2393 510 2421 non
543 2374 755 2429 fecerunt,
785 2384 827 2419 et
856 2392 942 2420 non
966 2375 1096 2420 ibunt
1117 2375 1194 2439 qui
1222 2376 1358 2421 aliena
1388 2394 1461 2421 ra-

97 2458 304 2514 puerunt,
327 2446 392 2492 vel
416 2443 735 2507 corrumpendo
758 2443 802 2488 in
819 2461 860 2489 se
884 2444 1096 2507 templum
1116 2445 1195 2490 Dei
1211 2444 1256 2489 in
1274 2462 1315 2489 se
1347 2444 1463 2507 ipsos

148 2537 157 2559 ¹
183 2548 194 2568 1
215 2537 288 2567 Cor.
309 2545 351 2572 vr,
382 2545 434 2565 11.
457 2552 501 2557 —
529 2532 544 2556 2
574 2545 587 2564 x
610 2536 692 2564 Petr.
721 2544 774 2571 111,
792 2543 902 2563 21.—
921 2530 935 2555 3
954 2533 1075 2568 Matth.
1094 2544 1164 2571 xix,
1189 2544 1238 2575 ¹7·
1261 2550 1301 2556 —
1319 2530 1334 2555 ⁴
1350 2532 1464 2568 Jacob.

101 2601 140 2628 11,
161 2590 214 2621 26.
230 2586 303 2612 —5
322 2586 425 2619 Mauh
458 2597 533 2629 xxv,
557 2592 609 2624 41.
627 2603 671 2608 —-
688 2583 703 2607 6
721 2584 802 2617 Ibi-t.
824 2587 877 2622 43.
