1758 3246
312 265 405 319 344
733 278 768 307 5.
811 276 1051 306 anensium
1087 275 1288 307 Erlscom

309 359 411 387 cum
436 342 592 386 clamet
607 340 836 404 Apostolus
855 359 864 385 :
889 362 909 382 «
930 341 1025 385 Hoc
1047 351 1190 385 autem
1216 340 1314 385 dico
1333 376 1343 395 ,
1372 339 1550 394 fratres9
1573 349 1681 383 tem·

309 431 329 452 »
357 427 439 473 pus
462 411 592 456 breve
612 421 674 455 est
691 448 702 467 ‚
730 410 947 473 reliquum
974 420 1036 455 est
1065 421 1113 454 ut
1139 420 1181 454 et
1206 410 1282 472 qui
1315 408 1481 453 habent
1503 423 1652 452 uxores
1668 443 1679 461 ,

304 502 324 520 >›
351 490 557 543 tanquam
594 498 682 526 non
718 481 929 525 habentes
953 480 1037 524 sint
1057 480 1100 523 ¹:
1124 501 1144 520 »
1186 478 1384 542 profecto
1415 478 1449 523 si
1472 475 1683 522 secundas

304 549 480 613 nuptias
496 552 744 613 appetisses,
763 550 933 596 nullum
948 549 1195 612 prophetiae
1208 548 1276 594 vel
1288 549 1391 608 legis
1404 545 1678 609 obsequium,

305 619 476 664 nullum
493 620 627 682 prolis
655 621 805 664 saltem
836 618 1007 663 carnale
1030 618 1291 662 desiderium
1308 654 1318 673 ,
1348 617 1421 662 sed
1455 616 1584 661 solius
1607 614 1682 659 in-

300 689 581 733 continentiae
624 689 772 733 fuisset
822 687 1048 732 indicium.
1104 689 1135 731 F
1138 687 1286 732 ecisses
1319 687 1433 731 enim
1464 683 1585 748 quod
1623 682 1684 727 ait

300 758 555 820 Apostolus,
587 775 687 802 cum
714 757 911 802 dixisset:
935 778 955 797 «
977 758 1149 801 Bonum
1186 773 1271 801 esse
1289 755 1372 801 illis
1400 756 1433 799 si
1473 755 1533 799 sic
1567 769 1672 816 per-

300 848 320 867 >³
346 828 602 883 manserint,
631 829 742 872 sicut
780 838 821 872 et
853 844 961 886 ego:
991 848 1011 867 >2
1037 826 1247 871 continuo
1284 826 1450 888 quippe
1475 823 1669 869 addidit:

301 896 478 951 «Quod
500 897 533 940 si
568 914 608 941 se
642 914 731 941 non
767 897 1017 951 continent,
1053 897 1256 948 nubant3
1303 895 1418 940 malo
1456 894 1571 939 enim
1609 909 1678 937 eas

299 986 319 1005 >2
348 965 512 1011 nubere
531 983 662 1028 quam
681 967 749 1010 uri
762 967 794 1012 2.
817 988 837 1007 ³>
855 967 951 1011 Hoc
969 966 1083 1010 enim
1101 965 1207 1010 dixit
1223 1003 1233 1021 ,
1263 975 1310 1009 ut
1333 966 1547 1010 effrenatae
1577 962 1679 1007 libi-

300 1035 412 1079 dinis
436 1036 601 1080 malum
627 1053 715 1081 non
742 1037 1097 1099 praecipitaretur
1126 1036 1173 1081 in
1208 1035 1526 1099 turpitudinem
1548 1033 1678 1094 flagi-

302 1106 602 1161 tioruimcum
637 1107 904 1169 exciperetur
927 1106 1153 1151 honestate
1196 1107 1467 1170 nuptiarum.
1508 1105 1679 1152 Gratias

301 1185 445 1220 autem
470 1177 661 1221 Domino
679 1214 689 1232 3
719 1178 926 1239 quoniam
958 1178 1165 1239 peperisti
1201 1177 1320 1241 quod
1358 1194 1443 1222 esse
1469 1176 1674 1231 noluisti,

301 1256 345 1289 et
361 1245 585 1304 virginitas
598 1247 733 1309 prolis
754 1257 842 1292 tuae
862 1248 1159 1310 compensavit
1172 1249 1450 1311 dispendium
1462 1248 1682 1308 virginita-

302 1314 355 1358 tis
391 1324 490 1360 tuae.
530 1316 640 1360 Nam
665 1316 891 1376 diligenter
914 1318 1173 1376 interrogata
1200 1317 1398 1363 doctrina
1421 1319 1677 1370 christiana,

298 1385 516 1446 etprimas
533 1386 710 1448 nuptias
728 1391 821 1445 jam
849 1388 929 1431 isto
953 1398 1171 1449 tempore,
1196 1387 1278 1431 nisi
1296 1387 1611 1433 incontinentia
1627 1385 1681 1431 sit

299 1454 639 1516 impedimento,
675 1457 1013 1502 contemnendas
1054 1474 1140 1502 esse
1168 1457 1425 1519 respondet3
1458 1459 1534 1520 qui
1567 1460 1681 1504 enim

299 1523 405 1567 dixit
430 1540 440 1567 ι
467 1544 488 1563 «
515 1524 559 1568 Si
578 1541 620 1568 se
642 1542 731 1570 non
752 1526 993 1582 continent,
1013 1527 1208 1572 nubant:
1233 1547 1253 1567 >2
1273 1528 1419 1590 potuit
1432 1527 1605 1574 dicere:
1637 1528 1682 1574 Si

305 1593 415 1638 filios
433 1610 521 1638 non
543 1594 729 1650 habent,
761 1596 931 1641 nubant
950 1617 961 1649 ς
987 1597 1021 1641 si
1044 1607 1143 1659 post
1165 1597 1525 1642 resurrectionem
1560 1615 1682 1661 prae-

301 1663 652 1726 dicationemque
679 1665 876 1721 Christi,
901 1665 1076 1728 quando
1104 1670 1197 1726 jam
1237 1666 1442 1712 omnibus
1483 1667 1684 1727 gentibus

302 1733 494 1778 filiorum
519 1735 772 1796 spiritaliter
808 1736 1125 1796 gignendorum
1159 1748 1280 1782 tanta
1310 1738 1505 1800 suppetit
1529 1739 1679 1802 copia,

300 1802 384 1847 tale
411 1802 604 1848 officium
621 1815 728 1849 esset
745 1822 792 1849 ex
809 1823 936 1850 carne
956 1806 1067 1851 filios
1097 1824 1339 1869 propagare
1354 1844 1364 1862 ,
1388 1807 1515 1870 quale
1531 1807 1685 1870 primis

306 1873 580 1936 temporibus
603 1873 699 1920 fuit.
726 1877 781 1920 Et
808 1875 928 1939 quod
950 1876 1057 1921 alibi
1072 1876 1204 1921 dicit:
1230 1898 1249 1917 «
1264 1876 1372 1922 Volo
1390 1877 1525 1937 igitur
1537 1877 1685 1937 Junio·

309 1963 331 1985 »
351 1960 416 1988 res
457 1943 620 1988 nubere
634 1981 646 1999 ,
674 1944 785 1990 filios
820 1962 1049 2008 procreare
1065 1983 1075 2000 ‚
1117 1946 1457 1992 matresfamilias
1487 1963 1575 1992 esse
1593 1947 1610 1975 3
1633 1965 1643 1991 :
1666 1969 1686 1989 ))

302 2013 559 2075 nuptiarum
597 2014 765 2059 bonum
810 2016 1046 2078 apostolica
1079 2017 1310 2062 sobrietate
1345 2027 1388 2061 et
1426 2016 1684 2063 auctoritate

304 2082 607 2136 commendat3
642 2101 731 2129 non
755 2086 1016 2148 procreandi
1048 2086 1239 2131 osticium
1274 2087 1402 2131 etiam
1454 2087 1537 2141 eis,
1586 2103 1686 2149 quae

301 2152 580 2198 continentiae
608 2154 775 2199 bonum
811 2156 1016 2218 capiunt,
1057 2167 1263 2219 tanquam
1311 2156 1365 2201 ad
1404 2155 1685 2219 obsequelam

301 2222 404 2281 legis
427 2223 628 2284 imponit.
655 2225 852 2287 Denique
873 2242 951 2271 cur
974 2226 1061 2271 hoc
1084 2226 1255 2282 dixerit,
1278 2226 1460 2289 pandit,
1483 2243 1584 2272 cum
1611 2226 1686 2272 ad-

300 2292 449 2351 jungit
467 2302 508 2336 et
531 2292 661 2337 dicit:
680 2314 700 2334 «
722 2294 897 2339 Nullam
915 2295 1186 2340 occasionem
1211 2296 1313 2341 dare
1339 2295 1583 2341 adversario
1598 2313 1686 2341 ma-

311 2385 331 2404 »
353 2362 502 2407 ledicti
524 2364 658 2422 gratia
678 2382 689 2415 3
713 2369 803 2424 jam
824 2366 937 2410 enim
961 2366 1165 2429 quaedam
1202 2383 1420 2411 conversae
1444 2376 1544 2410 sunt
1571 2375 1686 2410 retro

313 2455 334 2474 >³
359 2443 457 2496 post
487 2434 743 2478 Satanamfi:
766 2456 784 2475 >2
812 2446 860 2480 ut
883 2435 952 2480 his
978 2436 1121 2481 verbis
1155 2427 1245 2495 eju⁴s
1268 2435 1582 2494 mtelligamus‚
1618 2451 1688 2480 eas

310 2520 416 2567 quas
433 2503 598 2549 nubere
620 2504 774 2561 voluit,
795 2505 948 2551 melius
970 2508 1161 2569 potuisse
1197 2507 1418 2552 continere
1440 2523 1572 2570 quam
1599 2522 1685 2552 nu-

360 2587 399 2618 tl
424 2589 496 2621 Cor.
518 2599 575 2626 vir,
599 2600 652 2629 29.
679 2608 718 2613 —
744 2587 1017 2631 211)ὶά.8;,9,-«
1034 2589 1232 2631 3ι’1’ίΠ1.π-,
1254 2597 1304 2627 μ’..
1322 2608 1365 2615 -
1385 2587 1494 2621 '¹Ibid.
1522 2591 1573 2623 15.
