1758 3246
276 269 369 319 358
695 286 729 316 S.
772 285 1013 317 AUGUSTINI
1051 288 1251 318 Emscom

278 363 441 416 quanto
466 363 609 400 autem
638 356 772 416 magis
791 357 952 417 cogitat
970 374 1016 402 ea
1038 374 1136 420 quae
1172 369 1272 403 sunt
1312 357 1489 414 mundi,
1524 361 1645 405 tanto

275 423 419 468 minus
431 422 587 486 placet.
612 425 784 472 Placete
795 427 940 489 itaque
955 437 1046 472 tota
1062 428 1297 473 intentione
1309 429 1498 491 specioso
1510 429 1647 474 forma

275 510 369 557 prae
388 493 487 539 filiis
508 494 781 543 hominum1.
808 498 912 556 Ejus
936 497 1049 542 enim
1077 499 1212 555 gratia
1236 499 1297 543 illi
1320 499 1522 561 placetis,
1548 515 1648 562 quae

275 564 430 611 diffusa
454 576 515 611 est
536 567 581 612 in
602 567 731 612 labiis
754 571 857 627 ejus.
890 567 1060 612 Placete
1078 568 1141 612 illi
1161 585 1207 612 ea
1233 585 1405 630 quoque
1427 579 1549 631 parte
1569 585 1649 614 co-

275 634 515 694 gitationis,
541 653 642 700 quae
664 647 954 699 occuparetur
982 636 1146 681 mundo
1163 674 1173 693 ,
1203 648 1250 682 ut
1273 639 1517 700 placeretur
1535 639 1643 685 viro.

274 705 446 751 Placete
467 705 529 751 illi
546 708 621 769 qui
653 706 879 769 displicuit
904 707 1070 751 mundo
1089 744 1099 754 .
1126 718 1174 752 ut
1194 708 1411 770 placentes
1433 709 1469 753 ei
1486 709 1652 754 libera-

275 787 424 823 rentur
444 794 491 821 ex
510 776 689 823 mundo.
722 778 852 822 Hunc
877 778 989 822 enim
1009 778 1252 840 speciosum
1277 778 1414 824 forma
1433 796 1526 842 prae
1553 778 1652 824 filiis

273 846 505 893 hominum
538 846 741 891 viderunt
760 847 957 892 homines
975 847 1021 892 in
1040 865 1169 892 cruce
1190 849 1400 910 passionis
1422 886 1432 895 .
1461 859 1540 893 et«
1555 848 1652 892 Non

275 937 298 958 ›)
323 916 483 961 habuit
503 917 689 979 speciem
714 934 852 981 neque
875 917 1075 962 decorem
1097 955 1106 966 ,
1134 918 1203 963 sed
1222 918 1351 963 facies
1371 923 1462 978 ejus
1483 918 1653 977 abjecta

276 1006 298 1027 ³³
321 996 364 1032 et
391 986 594 1032 deformis
617 987 776 1050 positio
809 987 945 1046 eJ'us2.
965 1008 985 1027 >2
1023 989 1081 1032 Ex
1107 988 1192 1033 hac
1218 998 1359 1033 tamen
1383 987 1657 1033 deformitate

273 1055 580 1119 Redemptoris
602 1057 757 1112 vestri,
786 1057 978 1102 manavit
996 1057 1187 1120 pretium
1206 1057 1373 1102 decoris
1395 1057 1526 1102 vestri
1550 1094 1560 1112 ‚
1585 1055 1654 1101 sed

276 1125 444 1171 decoris
463 1126 690 1172 interioris.
732 1147 751 1165 r<
781 1126 934 1172 Omnis
964 1127 1078 1171 enim
1106 1126 1396 1189 pulchritudo
1420 1127 1522 1172 filiae
1551 1126 1660 1185 regis

279 1217 301 1237 2>
327 1196 583 1241 intrinsecus
601 1197 633 1242 3.
659 1218 678 1237 >³
706 1197 800 1241 Hac
832 1197 1164 1258 pulchritudine
1201 1198 1263 1242 illi
1299 1198 1468 1259 placete
1496 1213 1507 1241 ε
1543 1196 1660 1241 hanc

278 1266 656 1329 pulchritudinem
671 1265 862 1311 studiosa
879 1282 985 1310 cura
1007 1277 1047 1310 et
1065 1266 1248 1310 sollicita
1269 1267 1530 1324 cogitatione
1544 1282 1660 1310 com-

279 1334 445 1399 ponite.
474 1335 572 1380 Non
587 1346 702 1380 amat
724 1335 796 1380 ille
812 1334 1081 1379 fallaciarum
1102 1334 1225 1379 fucos
1249 1352 1259 1379 2
1283 1336 1394 1380 veris
1414 1335 1569 1379 veritas
1589 1334 1662 1378 de-

281 1404 468 1450 lectatur
495 1422 504 1448 :
527 1415 569 1449 et
592 1405 663 1449 ille
681 1442 691 1460 ,
719 1405 751 1449 51
778 1403 897 1466 quod
922 1404 1061 1463 legisti
1087 1405 1280 1463 agnoscis
1299 1441 1309 1459 ‚
1335 1404 1500 1449 Veritas
1527 1420 1663 1449 voca-

282 1484 356 1519 tur
380 1491 390 1518 1
418 1495 439 1514 «
456 1474 548 1532 Ego
588 1489 682 1520 sum
702 1511 712 1528 ‚
752 1474 899 1535 inquit
921 1509 931 1527 ‚
974 1473 1068 1527 via,
1107 1483 1148 1517 et
1183 1474 1339 1518 veritas
1356 1511 1365 1528 ‚
1400 1484 1441 1518 et
1475 1473 1564 1518 vita
1582 1472 1616 1518 ¹⁸.
1642 1493 1663 1513 »

285 1544 459 1590 Currite
483 1543 539 1588 ad
571 1543 696 1589 illum
718 1561 800 1606 per
832 1543 983 1596 illum;
1017 1543 1184 1605 placete
1220 1544 1285 1589 illi
1316 1561 1363 1588 ex
1392 1543 1466 1588 illo
1486 1581 1496 1598 ‚
1533 1542 1664 1589 vivite

285 1630 388 1659 cum
411 1613 488 1659 illo
510 1651 519 1669 ‚
551 1612 596 1659 in
615 1613 690 1658 illo
709 1650 720 1668 ‚
749 1613 803 1658 de
822 1613 912 1658 illo.
947 1613 1182 1658 Affectibus
1200 1613 1310 1658 veris
1332 1623 1374 1658 et
1396 1612 1663 1657 sanctissima

288 1683 481 1729 castitate
503 1702 527 1729 a
552 1684 646 1729 viro
669 1682 742 1728 tali
763 1694 902 1728 amate
921 1682 1068 1728 amari.

352 1754 512 1800 XXIV.
557 1753 718 1799 Audiat
741 1753 840 1798 haec
871 1752 1047 1811 virginis
1075 1753 1203 1797 etiam
1224 1763 1385 1798 sanctae
1410 1751 1544 1815 prolis
1578 1762 1666 1797 tuae

290 1823 404 1869 auris
427 1823 621 1869 interior.
648 1822 808 1868 Videro
833 1832 1044 1885 quantum
1063 1832 1103 1866 te
1126 1821 1348 1884 praecedat
1364 1822 1409 1867 in
1434 1838 1563 1881 regno
1583 1822 1667 1866 Re-

284 1894 353 1953 ·gis
371 1893 486 1939 illius
504 1911 514 1938 :
539 1893 620 1938 alia
640 1894 823 1955 quaestio
837 1903 911 1938 est.
937 1892 1166 1938 Invenistis
1184 1903 1328 1936 tamen
1345 1902 1482 1936 mater
1501 1903 1542 1936 et
1562 1891 1668 1939 filia.

292 1963 365 2008 cui
388 1964 650 2026 contemptis
672 1962 838 2025 nuptiis
856 2000 865 2018 ‚
902 1962 974 2007 illa
1004 1962 1230 2015 omnibus,
1260 1973 1306 2007 tu
1324 1961 1524 2007 secundis
1542 1998 1552 2017 ‚
1575 1960 1674 2024 pul—

293 2032 543 2078 chritudine
560 2032 767 2077 castitatis
795 2032 923 2077 simul
948 2032 1119 2095 placere
1142 2031 1347 2076 debeatis.
1382 2031 1510 2076 Certe
1527 2031 1561 2076 si
1578 2048 1674 2075 ma-

279 2102 365 2148 -riti
385 2111 521 2147 essent
540 2102 705 2164 quibus
728 2101 994 2164 placendum
1021 2111 1126 2146 esset
1148 2138 1159 2155 ‚
1183 2105 1274 2160 jam
1307 2111 1345 2146 te
1372 2100 1550 2146 fortasse
1573 2116 1674 2145 cum

277 2171 384 2217 filia
406 2171 591 2234 puderet
611 2171 753 2219 ornari
778 2188 788 2216 ε
812 2188 929 2216 nunc
946 2188 1033 2216 11011
1053 2170 1215 2233 pudeat
1235 2187 1356 2229 agere
1370 2170 1531 2233 quibus
1550 2169 1677 2214 simul

279 2241 534 2295 ·01‘n'em³ini;
555 2241 658 2303 qu'ia
687 2257 772 2285 11011
806 2249 869 2284 est
899 2240 1182 2285 criminosum
1206 2277 1215 2285 .
1249 2239 1322 2285 sed
1345 2240 1491 2302 potius
1514 2238 1673 2298 glorio-

278 2322 419 2368 ‘sum,·
435 2321 484 2356 u‘t
496 2310 635 2356 abillo
651 2328 738 2356 uno
749 2310 877 2355 simul
898 2310 1112 2355 amemini.
1138 2310 1400 2355 Simulatum
1417 2320 1559 2355 autem
1577 2325 1678 2353 can-

277 2378 449 2428 >dore'm'
469 2395 519 2426 ac
540 2380 746 2426 ruborem
768 2389 809 2424 et
824 2380 1057 2443 pigmentis
1074 2380 1233 2425 illitum
1270 2397 1357 2424 11011
1383 2377 1648 2424 adhiberetis
1663 2413 1674 2433 ,

281 2449 464 2497 -etiar'nsi
481 2452 596 2496 viros
613 2450 831 2498 haberetis
847 2470 858 2503 ;
882 2468 968 2495 non
987 2460 1189 2512 putantes
1206 2450 1360 2508 dignos
1381 2465 1489 2512 quos
1505 2446 1676 2492 fallere-

300 2519 382 2578 tis,
411 2518 490 2567 nec
515 2538 592 2567 vos
618 2537 718 2584 quae
738 2519 883 2566 fallere
911 2520 1122 2566 deberetis
1149 2537 1159 2563 :
1188 2536 1306 2565 nunc
1329 2535 1429 2578 ergo
1446 2517 1513 2563 illi>
1532 2517 1646 2576 Regi·
1664 2553 1675 2572 ‚

353 2608 361 2627 ¹
387 2605 466 2637 Psal.
486 2616 571 2643 κων,
594 2607 622 2636 3.
643 2623 687 2627 —
705 2603 720 2626 2
740 2606 811 2636 Isa'i.
835 2616 909 2643 mu,
937 2607 964 2635 3.
981 2623 1024 2627 -—
1044 2602 1058 2626 3
1075 2604 1152 2634 Psal.
1181 2614 1267 2637 κων,
1291 2610 1342 2639 14.
1359 2620 1402 2625 —
1416 2600 1430 2623 ⁴
1446 2604 1541 2633 Joan.
1563 2611 1626 2637 xxv,
1644 2601 1677 2633 6.
