1758 3246
507 278 678 314 nucum
714 283 770 313 AD
805 282 970 313 suavos
1005 282 1093 313 nni.
1391 265 1483 330 579

121 358 330 412 potestate
349 348 593 412 praepositi,
620 360 667 394 ut
686 350 731 395 in
749 365 836 394 rem
857 364 1131 393 communem
1147 348 1367 394 redactum
1382 383 1393 403 ,
1414 346 1486 393 cui

121 419 404 465 necessarium
427 418 557 464 fuerit
588 419 850 482 praebeatur.
891 417 1021 474 Quod
1047 418 1082 463 si
1111 418 1264 481 aliquis
1288 435 1377 464 rem
1402 417 1486 463 sibi

120 489 320 535 collatam
344 487 565 544 celaverit,
585 489 689 534 furti
706 488 874 548 judicio
893 487 1217 533 condemnetur.

185 561 261 606 IX.
303 558 560 604 Indumenta
583 570 720 606 vestra
749 557 986 605 secundum
1010 558 1238 604 arbitrium
1261 558 1485 621 praepositi

118 629 339 685 laventur,
373 630 459 675 sive
492 647 513 675 a
542 630 695 685 vobis,
729 630 816 675 sive
840 646 863 674 a
885 627 1151 683 fullonibus,
1183 644 1235 672 ne
1266 629 1487 672 interiores

120 700 273 746 animae
297 699 440 745 sordes
459 701 690 745 contrahat
716 699 890 745 mundae
918 698 1044 743 vestis
1066 697 1224 743 nimius
1249 698 1480 761 appetitus.

118 770 360 815 Lavacrum
383 771 512 815 etiam
539 771 734 832 corpori,
760 787 859 815 cum
880 768 1145 814 infirmitatis
1167 768 1392 813 necessitas
1408 784 1487 813 co-

117 839 203 899 git,
237 839 416 884 minime
445 839 690 899 denegetur.
730 840 823 885 Fiat
852 839 942 884 sine
974 854 1193 883 murmure
1222 837 1275 882 de
1311 837 1488 884 consilio

116 909 301 965 medici,
338 910 396 955 ita
424 921 472 955 ut
503 912 630 956 etiam
663 914 697 956 si
724 910 858 966 nolit,
881 909 1062 969 jubente
1096 909 1330 972 praeposito
1358 907 1490 953 faciat

116 979 235 1043 quod
261 979 509 1026 faciendum
539 991 601 1026 est
637 998 718 1044 pro
742 980 890 1027 salute.
928 980 973 1025 Si
997 990 1139 1025 autem
1165 979 1292 1036 velit,
1321 990 1362 1024 et
1381 978 1490 1024 forte

116 1067 200 1095 non
224 1049 422 1113 expedit,
448 1068 537 1097 suae
561 1051 795 1114 cupiditati
827 1068 914 1097 non
951 1049 1196 1095 obediatur.
1243 1048 1489 1113 Aliquando

115 1120 230 1166 enim
251 1121 417 1166 etiamsi
444 1133 618 1177 noceat,
652 1121 853 1186 prodesse
877 1132 1021 1167 tamen
1046 1119 1236 1166 creditur
1265 1119 1385 1184 quod
1407 1119 1489 1165 de·-

115 1189 256 1237 lectat.
290 1192 484 1254 Denique
501 1192 535 1236 si
554 1192 689 1238 latens
705 1203 768 1238 est
786 1191 910 1237 dolor
926 1191 971 1236 in
991 1207 1173 1253 corpore
1192 1227 1203 1246 ,
1227 1190 1388 1236 famulo
1412 1190 1491 1235 Dei

116 1260 276 1307 dicenti
304 1261 410 1324 quid
440 1262 523 1307 sibi
547 1261 711 1316 doleat,
747 1263 836 1308 sine
858 1260 1133 1307 dubitatione
1157 1260 1370 1307 credatur.
1404 1259 1490 1306 Sed

115 1342 260 1378 tamen
285 1342 431 1377 utrum
456 1332 646 1378 sanando
662 1332 726 1378 illi
743 1332 884 1378 dolori
906 1330 1026 1394 quod
1051 1331 1235 1376 delectat
1261 1331 1485 1394 expediat,

115 1402 150 1448 si
170 1418 257 1447 non
280 1412 343 1447 est
361 1412 528 1448 certum
543 1439 554 1458 ,
582 1402 775 1448 medicus
798 1401 1060 1447 consulatur.
1090 1402 1179 1446 mec
1196 1412 1294 1446 eant
1317 1401 1373 1447 ad
1396 1401 1489 1447 bal-

115 1491 192 1519 nea
206 1510 216 1529 ,
247 1473 333 1519 sive
352 1489 629 1537 quocumque
645 1474 706 1519 ire
726 1490 893 1519 necesse
908 1471 1038 1517 fuerit
1055 1508 1066 1527 ,
1087 1471 1229 1516 minus
1247 1488 1378 1535 quam
1400 1471 1488 1518 duo

114 1544 181 1591 vel
203 1555 295 1590 tres.
322 1545 377 1588 Et
396 1543 465 1589 ille
484 1544 559 1607 qui
574 1545 707 1590 habet
723 1544 867 1607 aliquo
885 1542 1017 1588 eundi
1042 1542 1332 1587 necessitatem
1347 1579 1358 1599 ,
1384 1559 1487 1588 curn

114 1615 276 1678 quibus
313 1616 572 1679 praepositus
605 1616 778 1674 jusserit
820 1615 881 1660 ire
925 1613 1120 1659 debebit.
1167 1614 1484 1672 AEgrotantium

113 1703 240 1742 cura,
268 1687 354 1731 sive
385 1697 482 1750 post
501 1686 802 1746 aegritudinem
831 1684 1191 1740 reficiendorum,
1225 1685 1310 1730 sive
1340 1685 1484 1747 aliqua

112 1756 408 1802 imbecillitate
426 1757 553 1802 etiam
578 1757 666 1802 sine
685 1756 880 1802 febribus
904 1755 1194 1801 laborantium
1214 1792 1225 1811 ,
1252 1755 1328 1800 uni
1353 1754 1487 1818 aliqui

112 1826 241 1873 debet
258 1827 451 1887 injungi,
476 1838 523 1872 ut
542 1828 633 1891 ipse
649 1827 702 1873 de
718 1827 888 1873 cellario
905 1837 1041 1890 petat,
1065 1825 1183 1890 quod
1202 1826 1357 1889 cuique
1375 1843 1485 1889 opus

111 1914 197 1942 esse
217 1897 492 1961 perspexerit.
521 1899 618 1944 Sive
645 1908 786 1944 autem
807 1898 884 1961 qui
908 1896 1079 1942 cellario
1104 1934 1116 1953 ,
1145 1897 1230 1942 sive
1254 1896 1331 1960 qui
1358 1897 1481 1942 vesti-

111 1967 222 2023 bus,
260 1967 346 2013 sive
377 1967 454 2031 qui
490 1968 717 2014 codicibus
753 1978 1100 2031 praeponuntur,
1140 1967 1228 2012 sine
1262 1984 1484 2013 murmure

111 2038 295 2084 serviant
315 2037 524 2084 fratribus
543 2039 642 2085 suis.
670 2038 853 2084 Codices
870 2048 986 2083 certa
1003 2038 1112 2084 hora
1129 2037 1306 2097 singulis
1329 2037 1481 2083 diebus

109 2118 314 2172 petantur
329 2146 339 2165 ,
367 2119 482 2154 extra
506 2109 659 2154 horam
678 2109 754 2172 qui
778 2108 975 2172 petierit,
1002 2125 1091 2153 non
1115 2108 1314 2171 accipiat.
1345 2108 1480 2154 Vesti-

109 2190 253 2226 menta
276 2196 377 2226 vero
408 2190 449 2225 et
477 2178 765 2225 calceamenta
786 2178 963 2243 quando
991 2179 1286 2239 indigentibus
1319 2178 1479 2225 fuerint

108 2253 365 2308 necessaria,
393 2251 495 2298 dare
512 2269 598 2297 non
623 2250 825 2298 differant
848 2252 928 2298 sub
952 2263 1140 2315 'quorum
1163 2250 1360 2297 custodia
1378 2262 1478 2297 sunt

108 2339 207 2386 quae
231 2333 485 2385 poscuntur.

171 2394 226 2439 X.
262 2393 378 2438 Lites
403 2403 476 2438 aut
496 2392 635 2438 nullas
664 2393 889 2449 babeatis,
920 2404 995 2439 aut
1024 2410 1155 2455 quam
1177 2391 1395 2438 celerrime
1418 2394 1476 2439 fi-

107 2463 257 2517 niatis3
287 2480 339 2508 ne
358 2463 420 2508 ira
438 2474 599 2509 crescat
624 2463 669 2508 in
707 2463 855 2509 odium
872 2501 881 2518 ‚
919 2475 960 2509 et
981 2463 1146 2509 trabem
1171 2461 1301 2508 saciat
1323 2462 1376 2508 de
1395 2463 1473 2508 fes-

106 2545 232 2590 tuca,
264 2544 306 2580 et
337 2534 524 2580 animam
562 2533 694 2581 faeiat
717 2534 1002 2582 homicidam.
1047 2534 1119 2580 Sic
1152 2534 1266 2579 enim
1302 2533 1470 2594 legitis:

1269 2624 1344 2686 37.
