1758 3246
333 276 386 305 DE
424 272 522 304 FIDE
558 274 612 304 ΕΤ
651 274 878 322 SYMBOLQ
920 275 1006 304 Lm.
1050 276 1079 305 Ι.
1346 276 1403 321 27

0 327 2 332 ¹
31 340 156 386 etiam
178 357 256 403 per
277 356 403 403 quem
423 338 628 401 suscepit,
651 339 789 383 virum
802 338 1004 397 gerendo⁹
1028 339 1244 384 nascendo
1263 339 1405 384 deffe-

32 408 162 455 mina.
189 411 276 454 Nec
300 425 376 453 1105
399 407 453 453 ad
472 408 713 467 negandam
739 408 902 452 Christi
921 418 1103 452 matrem
1132 409 1246 466 cogit
1261 446 1270 463 ‚
1288 409 1406 471 quod

32 479 86 523 ab
105 496 154 524 00
169 478 334 529 dictum
347 487 430 522 est:
453 498 472 518 α
492 476 611 532 Quid
626 476 737 521 mihi
758 487 800 521 et
818 476 989 531 tibiest,
1010 475 1191 521 mulier?
1212 478 1406 523 nondum

0 565 4 611 :¹
31 548 298 594 »venithOra
316 563 410 591 mea
439 546 473 592 1.
497 567 518 587 >›
544 546 629 591 Sed
656 546 860 591 admonet
883 546 1032 609 potius
1048 556 1096 591 ut
1117 545 1406 605 intelligamus

0 629 3 672 ζ
31 617 269 663 secundum
286 619 424 662 Deum
442 634 529 662 non
545 633 642 661 eum
669 617 874 662 habuisse
895 626 1093 671 matrem,
1116 621 1239 675 cujus
1254 620 1406 675 majes-

0 678 2 749 ξ
29 687 359 750 tatispersonam
371 686 789 749 parabatostendere
799 684 1401 748 acpiaminvinumvertendo.

0 758 3 790 ἱ
31 753 160 813 Quod
173 767 315 802 autem
331 757 561 801 crucifixus
571 756 633 801 est
646 793 657 812 ,
681 755 921 801 secundum
941 756 1163 800 hominem
1177 754 1408 800 crucifixus

0 860 1 863 ,
29 822 170 880 051ςο1
188 826 261 872 illa
277 826 501 881 013111013,
518 842 617 888 quae
630 826 824 871 nondum
837 835 1011 871 venerat
1022 862 1033 881 ‚
1047 824 1222 887 quando
1240 824 1407 869 dictum

30 893 92 940 e'st
108 913 118 941 ε
133 917 153 937 «
173 896 287 941 Mihi
305 906 347 940 et
361 896 442 941 tibi
455 895 562 958 quid
582 899 670 940 est?
688 895 884 940 nondum
898 895 1016 939 venit
1032 894 1141 939 hora
1159 911 1251 938 mea
1265 894 1282 921 2
1299 914 1337 949 n,
1360 892 1407 937 id

29 962 107 1020 e‘st,
120 982 204 1028 qua
222 976 262 1010 te
281 983 552 1025 cognoscam.
577 967 703 1011 Tunc
718 966 832 1010 enim
847 976 896 1010 ut
910 965 1044 1009 homo
1060 964 1291 1009 crucifixus
1310 980 1409 1022 cog-

29 1036 151 1079 novit
164 1035 384 1080 hominem
407 1046 606 1089 1113110111,
633 1046 674 1078 01
691 1035 969 1080 dilectissimo
983 1033 1211 1096 Discipulo
1240 1033 1405 1077 huma-

28 1102 200 1149 nissime
217 1104 552 1150 commendavit.
580 1104 669 1148 Nec
692 1103 801 1148 illud
816 1121 893 1148 nos
914 1113 1101 1159 moveat,
1119 1103 1238 1166 quod
1254 1119 1353 1147 cum
1373 1102 1412 1146 ei

28 1173 299 1218 nuntiaretur
314 1185 449 1218 1113101
467 1177 573 1232 ejus,
601 1184 642 1217 et
658 1173 810 1218 fratres
829 1210 840 1227 ‚
858 1173 1106 1234 respondite
1135 1193 1154 1212 c<
1176 1176 1287 1226 Quae
1301 1172 1412 1216 mihi

29 1263 49 1283 >³
63 1253 214 1299 mater,
243 1253 318 1288 aut
333 1244 409 1305 qui
434 1243 602 1298 fratres,
627 1253 708 1289 etc,
724 1247 742 1288 ,ὓ
758 1264 778 1283 n
801 1243 887 1288 Sed
922 1243 1067 1305 potius
1087 1241 1409 1286 doceatminis-

27 1312 183 1358 terium
197 1323 412 1361 nostrum
442 1330 528 1376 quo
540 1313 727 1358 verbum
749 1313 830 1357 Dei
850 1313 890 1357 fi
894 1312 1060 1357 atribus
1087 1312 1407 1364 ministramus,

27 1391 223 1445 parentes
238 1400 339 1428 cum
358 1366 631 1446 impediunt,
658 1400 746 1427 non
772 1400 842 1428 eos
866 1382 1022 1427 debere
1046 1380 1261 1440 coonosci.
1300 1380 1411 1424 Nam

31 1452 63 1496 si
81 1462 309 1515 propterea
329 1453 512 1530 quisque
529 1463 666 1516 pntax
669 1452 750 1497 erit
771 1469 859 1497 non
884 1467 983 1496 011111
1002 1449 1208 1495 habuisse
1229 1459 1412 1494 matrem

31 1523 77 1566 in
100 1522 249 1571 101115,
269 1523 372 1584 quia
397 1522 532 1567 dixit.
561 1544 581 1563 «
604 1522 717 1577 Quae
740 1521 853 1566 mihi
876 1531 1012 1566 mater
1028 1520 1044 1547 3
1059 1523 1077 1565 ‚³
1097 1541 1116 1560 >>
1136 1530 1314 1578 cogatur
1331 1536 1411 1563 ne-

10 1607 138 1637 cesse
149 1601 211 1635 est
228 1574 269 1635 01
288 1591 516 1653 Apostolos
535 1608 689 1650 negare
705 1591 909 1635 habuisse
924 1600 1069 1653 patres
1086 1590 1131 1634 in
1149 1590 1287 1643 terris,
1306 1605 1412 1651 quo-

27 1660 142 1705 niam
156 1661 370 1723 praecepit
392 1661 449 1705 eis
470 1660 640 1705 dicens:
660 1681 680 1700 c<
706 1659 850 1705 Nolite
868 1660 992 1704 vobis
1014 1670 1185 1722 patrem
1208 1658 1350 1703 dicere
1368 1659 1413 1703 in

26 1750 46 1770 ›>
69 1729 217 1774 terris:
240 1746 350 1774 unus
375 1740 436 1774 est
459 1730 574 1774 enim
593 1731 723 1774 Pater
744 1740 900 1784 vester,
925 1729 1002 1790 qui
1024 1729 1069 1773 in
1093 1728 1216 1774 coelis
1233 1727 1336 1774 est4.
1363 1749 1384 1768 »

91 1800 144 1845 X.
176 1799 263 1844 [Nec
305 1799 432 1844 nobis
470 1799 601 1844 fidem
643 1799 769 1844 istam
814 1799 983 1843 minuat
1024 1798 1228 1857 cogitatio
1253 1798 1412 1842 mulie-

20 1867 169 1913 brium
188 1869 409 1914 viscerum
425 1906 435 1924 ‚
461 1879 510 1913 ut
534 1879 765 1931 propterea
809 1868 1048 1913 recusanda
1088 1867 1286 1912 videatur
1316 1867 1413 1912 talis

26 1938 202 1983 Domini
225 1939 358 1984 nostri
383 1940 618 1999 generatio,
648 1939 769 2001 quod
791 1956 886 1984 eam
911 1937 1078 1983 sordidi
1093 1936 1313 1982 sordidam
1331 1954 1414 1999 pu-

22 2018 131 2054 tant.
176 2008 291 2064 Quia
313 2020 355 2053 01
380 2029 399 2050 c«
423 2009 615 2054 Stultum
643 2011 723 2054 Dei
756 2009 995 2071 sapientius
1017 2025 1104 2053 0550
1130 2007 1411 2063 hominibus,

22 2097 43 2117 n
68 2087 108 2121 et
128 2078 272 2122 omnia
301 2078 465 2123 munda
484 2079 658 2124 mundis
677 2079 713 2125 5.
734 2100 753 2120 »
785 2079 1004 2124 verissime
1029 2077 1261 2139 Apostolus
1287 2076 1407 2123 dicit.

28 2146 198 2191 Debent
214 2147 347 2206 igitur
363 2147 523 2192 intueri
539 2185 549 2203 ‚
564 2149 639 2209 qui
660 2148 746 2192 hoc
758 2157 917 2210 putant
930 2184 940 2201 ‚
969 2146 1070 2192 solis
1092 2146 1223 2204 hujus
1243 2145 1385 2190 radios
1400 2183 1410 2202 ‚

26 2232 152 2277 quem
192 2227 306 2261 certe
333 2233 420 2261 non
461 2227 669 2279 tanquam
697 2228 941 2261 creaturam
986 2216 1066 2260 Dei
1093 2215 1297 2271 laudant,
1341 2215 1416 2260 sed

28 2295 236 2347 tanquam
274 2287 415 2331 Deum
443 2288 460 2315 ‘⁵
499 2286 684 2332 adorant
703 2323 713 2342 ‚
760 2304 837 2349 por
874 2286 1120 2331 cloacarum
1158 2285 1333 2330 foetores
1376 2295 1418 2329 ct

27 2370 314 2418 quaecumque
350 2356 582 2401 horribilia
618 2373 930 2419 usquequaque
953 2355 1139 2401 diffundi
1156 2392 1166 2411 ,
1197 2365 1240 2399 et
1270 2356 1314 2400 in
1350 2355 1419 2399 his

32 2424 205 2487 operari
218 2426 456 2472 secundum
473 2438 674 2472 naturam
692 2445 840 2483 suam,
864 2444 942 2472 nec
972 2437 1115 2472 tamen
1141 2426 1241 2471 inde
1269 2426 1412 2487 aliqua

81 2517 91 2537 ¹
110 2518 206 2548 Joan.
224 2527 265 2557 11,
296 2522 327 2552 4.
350 2535 389 2540 —-—
408 2515 423 2538 2
441 2518 491 2551 Id.
520 2528 591 2550 xix.
620 2535 663 2540 —
688 2515 703 2539 3
732 2518 850 2551 Manli.
875 2529 921 2556 xx,
951 2519 1004 2554 48.
1027 2534 1073 2541 -—
1097 2514 1112 2539 4
1141 2517 1188 2547 Id.
1209 2526 1304 2553 xxm,
1323 2525 1414 2556 9.-

68 2582 80 2601 1
105 2571 222 2612 Cor-1,
244 2571 299 2608 25,
319 2576 350 2603 et
366 2572 430 2604 Tit.
450 2583 475 2612 1,
496 2574 550 2604 15.
567 2590 610 2596 —
625 2568 640 2592 6
656 2572 841 2605 Manichaei.
