1758 3246
299 327 392 373 520
722 342 756 371 5.
799 338 1041 371 Aueusrim
1075 338 1277 373 Emscom

298 424 343 451 ex
373 416 409 450 te
428 404 623 465 jusserit,
645 404 814 451 claruit.
840 403 1052 449 Dominus
1074 404 1187 450 enim
1205 415 1347 452 noster
1372 404 1495 452 Jesus
1517 406 1665 453 Chris-

300 486 366 520 1115
390 475 594 520 habitans
619 475 664 520 in
684 475 879 521 interiori
903 484 977 519 tuo
993 510 1005 530 ‚
1032 474 1197 538 tibique
1219 476 1556 522 sollicitudinem
1583 494 1665 540 pa-

300 555 434 589 ternae
473 554 514 588 et
552 543 754 590 fraternae
791 543 1016 590 charitatis
1046 543 1287 607 inspirans,
1314 556 1459 591 utrum
1492 545 1590 591 filiis
1627 557 1666 591 et

298 613 508 659 fratribus
545 615 699 660 nostris
734 613 985 669 monachis,
1032 613 1108 676 qui
1142 614 1269 660 beato
1305 615 1442 660 Paulo
1473 615 1666 678 apostolo

300 684 476 730 obedire
495 685 718 745 negligunt
743 684 903 730 dicenti
931 701 940 728 ε
966 704 986 725 (ι
1013 683 1101 740 Qui
1128 701 1217 729 non
1240 685 1336 731 vult
1357 686 1553 749 operari,
1580 704 1666 732 non

302 775 322 795 ›>
341 754 595 800 1111111ε1116611
616 792 626 810 ‚
646 776 665 796 )>
682 753 971 817 permittenda
994 754 1048 799 sit
1066 754 1146 799 ista
1169 754 1341 800 licentia
1357 792 1368 812 ‚
1398 755 1667 802 voluntatem

302 842 352 869 ac
370 824 564 885 linguam
582 837 701 870 tuam
721 842 936 870 assumens
950 824 995 869 in
1012 827 1264 887 opussssuum
1277 862 1289 883 ,
1307 826 1538 889 imperavit
1558 827 1668 873 mihi

301 910 348 938 ex
372 905 411 938 te
427 931 437 950 ‚
465 905 513 939 ut
540 894 646 940 111116
671 894 723 940 ad
745 905 789 939 te
808 893 973 957 aliquid
991 895 1236 942 scriberem,
1269 895 1392 941 Adsit
1414 896 1559 959 itaque.
1579 897 1668 960 ipsc

301 963 427 1008 etiam
468 964 606 1020 mihi,
643 981 730 1027 quo
757 965 817 1009 ita
850 981 1020 1027 paream
1042 1001 1052 1020 ‚
1088 975 1135 1009 ut
1167 965 1205 1010 61
1235 983 1303 1011 me
1338 983 1485 1028 parere
1508 982 1556 1011 cx
1580 970 1669 1026 ejus

300 1049 475 1078 munere
501 1034 593 1096 ipsa
621 1034 803 1080 utilitate
821 1033 1032 1080 fructuosi
1051 1034 1213 1080 laboris
1231 1035 1479 1095 intelligam.

366 1105 424 1150 ΙΙ.
466 1105 663 1150 Primum
684 1122 782 1164 ergo
805 1105 1044 1151 videndum
1069 1105 1175 1168 quid
1200 1105 1349 1151 dicant
1367 1105 1480 1151 illius
1501 1105 1670 1169 profes-

302 1173 431 1218 sionis
460 1174 684 1230 homines,
717 1175 793 1237 qui
830 1175 1000 1238 operari
1031 1175 1200 1222 nolunt.
1238 1176 1404 1221 Deinde
1435 1176 1468 1221 si
1491 1193 1561 1222 eos
1583 1194 1671 1222 non

302 1254 417 1288 recte
441 1244 593 1290 sentire
619 1245 905 1291 invenerimus
923 1282 934 1301 ‚
973 1245 1025 1290 ad
1050 1262 1199 1291 eorum
1229 1245 1540 1290 correctionem
1565 1246 1671 1309 quid

304 1312 552 1359 dicendum.
591 1316 711 1370 Non,
739 1315 966 1377 inquiunt,
998 1315 1051 1361 de
1080 1316 1165 1361 hoc
1200 1332 1329 1379 opere
1360 1315 1600 1378 corporali,
1626 1316 1671 1361 in

302 1400 390 1446 quo
415 1383 480 1429 vel
499 1384 698 1443 agricolae
719 1384 786 1429 vel
806 1385 983 1447 opifices
1000 1385 1225 1439 laborant,
1247 1385 1459 1448 praecepit
1487 1387 1672 1448 Aposto-

302 1452 389 1507 lus,
416 1470 515 1498 cum
537 1454 697 1499 diceret
718 1472 728 1498 t
761 1475 780 1494 «
804 1455 891 1510 Qui
911 1472 998 1500 non
1019 1455 1113 1500 vult
1141 1455 1335 1517 operari,
1367 1471 1455 1500 non
1482 1455 1672 1501 mandu-

306 1544 325 1563 ›>
345 1533 425 1568 cet.
452 1545 471 1564 ›>
496 1524 645 1585 Neque
663 1524 775 1568 enim
797 1524 1029 1583 Evangelio
1048 1535 1191 1587 posset
1209 1541 1294 1569 esse
1312 1524 1573 1580 contrarius,
1595 1526 1672 1570 ubi

302 1593 362 1638 ait
392 1594 483 1656 ipse
516 1594 760 1640 Dominus:
798 1594 940 1640 «Ideo
977 1595 1076 1641 dico
1111 1596 1261 1651 vobis,
1292 1612 1345 1640 ne
1381 1594 1552 1640 solliciti
1584 1595 1673 1641 sitis

302 1683 323 1704 »
343 1663 493 1708 animm
521 1674 671 1709 vestire
697 1663 804 1727 quid
837 1664 1130 1721 manducetis,
1158 1681 1295 1728 neque
1330 1665 1504 1728 corpori
1532 1676 1672 1711 vestro

302 1733 448 1796 »quid
469 1733 724 1780 induamini.
756 1735 908 1780 Nonne
938 1735 1078 1780 anima
1102 1734 1201 1798 plus
1232 1746 1293 1780 est
1316 1752 1449 1799 quam
1481 1740 1600 1791 escag
1632 1746 1673 1781 ct

302 1825 322 1844 ›>
343 1821 502 1867 corpus
524 1821 656 1868 quani
678 1806 1008 1851 vestimentum?
1036 1805 1286 1868 Conspicite
1317 1804 1510 1850 volatilia
1542 1805 1667 1861 coeli,

302 1894 322 1914 »
341 1874 545 1936 quoniam
569 1892 654 1920 non
679 1886 855 1931 serunt,
877 1892 1014 1939 neque
1031 1885 1223 1931 metunt,
1249 1892 1388 1938 neque
1412 1886 1673 1935 congregant

303 1964 323 1984 ³>
342 1945 384 1989 in
401 1944 572 2000 horrea,
591 1955 633 1990 et
647 1947 774 1991 Pater
796 1956 932 1991 vester
950 1945 1134 1991 coelestis
1147 1945 1287 2008 pascit
1306 1945 1377 1990 illa
1401 1962 1411 1989 ε
1436 1962 1578 1992 nonne
1596 1963 1672 1992 vos

303 2037 322 2056 »
343 2015 477 2075 magis
498 2015 637 2078 pluris
666 2017 762 2061 65115
794 2016 910 2062 illis?
943 2016 1051 2072 Quis
1085 2027 1228 2062 autem
1259 2025 1449 2062 vestrum
1481 2016 1672 2076 cogitans

305 2105 325 2126 »
347 2095 489 2147 potest
507 2084 688 2144 adjicere
708 2085 760 2131 ad
780 2096 987 2131 staturam
1005 2103 1124 2132 suam
1145 2086 1343 2131 cubitum
1362 2089 1524 2132 unum?
1550 2087 1601 2132 Et
1618 2086 1672 2132 de

303 2155 595 2200 »vestimento
630 2156 739 2218 quid
771 2155 941 2201 solliciti
975 2155 1101 2202 estis?
1135 2156 1412 2203 Considerate
1436 2155 1526 2202 lilia
1552 2157 1666 2216 agri,

301 2245 322 2267 ›>
341 2224 561 2287 quomodo
590 2236 814 2280 crescunt,
851 2243 939 2271 non
970 2225 1200 2282 laborant,
1243 2243 1384 2290 neque
1406 2236 1542 2271 nent:
1571 2226 1670 2272 dico

303 2315 322 2334 υ
343 2304 485 2339 autem
505 2293 629 2339 vobis
644 2330 654 2349 ‚
680 2294 886 2357 quoniam
908 2312 987 2340 nec
1006 2294 1212 2341 Salomon
1228 2295 1273 2341 in
1292 2296 1411 2341 omni
1436 2295 1570 2355 gloria
1592 2313 1669 2342 sua

304 2386 322 2406 ›>
345 2375 573 2427 coopertus
590 2375 652 2409 651
669 2365 780 2410 516111
797 2382 930 2410 unum
950 2383 996 2411 ex
1015 2366 1118 2413 istis.
1147 2366 1191 2412 Si
1209 2377 1349 2413 autem
1368 2365 1536 2412 foenum
1557 2367 1663 2426 agri,

297 2455 317 2475 ›>
337 2434 454 2498 quod
480 2433 610 2480 hodie
637 2445 698 2481 est
719 2446 761 2482 et
780 2453 874 2481 cras
902 2436 948 2482 in
972 2436 1195 2482 clibanum
1229 2437 1443 2493 mittitur,
1469 2437 1583 2482 Deus
1607 2438 1669 2484 516

298 2525 319 2546 »
340 2504 490 2560 vestit,
534 2515 695 2567 quanto
736 2506 868 2566 magis
906 2524 980 2552 x'os
1015 2507 1199 2553 modicae
1230 2506 1362 2552 fidei?
1396 2505 1537 2552 Nolite
1568 2523 1668 2567 ergo

298 2598 317 2617 »
335 2575 506 2621 solliciti
523 2593 631 2633 esse,
655 2576 844 2624 dicentes
865 2595 875 2623 ε
907 2577 1027 2636 Quid
1046 2577 1433 2636 manducabimUS,
1460 2586 1535 2624 aut
1559 2577 1668 2642 quid

349 2659 358 2682 Ι
380 2670 397 2689 2
415 2658 523 2693 Thess.
543 2670 597 2698 ιιι,
623 2671 674 2692 10.
