1758 3246
364 301 419 330 DE
454 300 554 330 rior.
589 299 642 330 ΕΤ
678 299 914 338 OPERIBUS,
952 300 1041 329 Lis.
1084 300 1114 330 1.
1377 299 1429 348 72

75 364 147 411 tiae
168 381 256 411 suae
271 364 610 428 pertinacissime
638 365 927 421 cohaerentes,
958 380 1038 409 nec
1070 365 1338 412 emendando
1361 377 1436 414 aut

71 435 326 498 poenitendo
348 444 548 479 mutatos.

15 522 18 565 ἰ

135 505 317 551 XXVII.
358 505 442 550 Hic
475 522 498 549 a
523 520 590 549 me
622 502 800 548 fortasse
831 513 1078 566 quaeratur,
1105 502 1159 548 de
1192 503 1286 567 ipsa
1311 506 1438 553 Pauli

4 590 16 619 z:
70 574 251 636 apostoli
278 574 484 620 sententia
514 574 621 638 quid
649 591 725 633 ego
759 574 939 619 sentiam
958 610 968 629 ,
1007 584 1050 619 et
1083 591 1275 638 quonam
1307 576 1438 622 modo

13 642 15 688 ξ
67 642 387 704 intelligendam
409 655 575 708 putem.
604 647 773 700 Fateor,
794 644 900 689 hinc
923 644 1098 690 mallem
1116 645 1265 691 audire
1280 645 1438 691 intelli-

12 725 16 778 ξ
67 715 274 772 gentiores
300 725 428 777 atque
451 715 666 761 doctiores
682 750 694 769 ,
715 713 792 777 qui
816 714 876 759 sic
905 731 999 760 eam
1022 725 1265 779 exponant,
1294 725 1343 760 ut
1362 715 1438 761 illa

12 808 13 813 =
66 784 210 829 omnia
228 801 328 830 vera
351 796 394 830 et
416 787 672 832 inconcussa
696 795 978 848 permaneant
996 823 1006 842 ,
1034 802 1134 849 quae
1160 801 1293 847 supra
1310 801 1437 830 com-

63 856 319 912 memoravi,
348 868 390 903 et
412 872 703 921 quaecumque
731 855 811 900 alia
829 872 918 900 non
936 854 1301 911 commemoravi,
1333 854 1436 917 qui—

62 923 144 968 bus
162 928 425 987 apertissime
446 927 673 989 Scriptura
693 935 872 970 testatur
889 962 900 980 ,
926 925 1041 970 nihil
1056 924 1257 988 prodesse
1274 923 1406 969 fidem
1420 957 1433 980 ,

62 993 141 1040 nisi
160 1013 253 1042 eam
271 1015 400 1061 quam
419 997 616 1043 definivit
639 996 871 1058 Apostolus
888 1032 898 1051 ‚
922 995 968 1041 id
985 1006 1048 1040 est
1062 1032 1073 1051 ‚
1092 1011 1192 1059 quae
1210 1012 1288 1058 per
1304 994 1435 1041 dilec-

61 1064 220 1112 tionem
242 1079 475 1130 operatum
501 1067 590 1111 sine
607 1066 815 1127 operibus
837 1076 979 1111 autem
998 1066 1161 1111 salvare
1181 1083 1268 1110 non
1284 1082 1406 1128 posse
1420 1101 1432 1121 ‚

59 1151 197 1199 neque
210 1147 370 1199 praeter
386 1137 548 1196 ignem,
572 1151 710 1198 neque
730 1152 808 1197 per
826 1135 970 1193 ignem
991 1153 1002 1180 ε
1023 1136 1126 1197 quia
1145 1136 1180 1180 si
1197 1153 1275 1198 per
1292 1135 1435 1194 ignem

5 1231 9 1267 ὲ
59 1205 218 1261 salvat,
255 1207 350 1270 ipsa
382 1206 532 1269 utique
549 1205 698 1250 salvat.
732 1205 943 1250 Absolute
961 1216 1103 1251 autem
1125 1205 1293 1250 dictum
1313 1214 1376 1249 est
1394 1214 1437 1250 et

5 1275 7 1299 ³
59 1286 236 1337 aperte.
263 1297 284 1318 «
305 1276 425 1332 Quid
449 1275 653 1338 prodest,
681 1275 716 1319 si
745 1274 863 1320 dicat
888 1275 986 1338 quis
1009 1292 1050 1320 se
1084 1275 1215 1320 fidem
1238 1274 1283 1319 h
1275 1274 1401 1319 {bele
1418 1306 1430 1329 9

58 1365 79 1386 »
98 1362 227 1408 opera
244 1357 388 1391 autem
406 1363 494 1391 non
510 1345 692 1390 habeat.
684 1347 702 1379 D
724 1344 940 1408 numquid
960 1345 1122 1408 poterit
1140 1344 1247 1390 fides
1272 1343 1434 1389 salvare

58 1436 78 1457 ›>
98 1415 252 1462 eum4‘?
276 1438 297 1458 ›>
321 1416 474 1462 Dicam
497 1426 663 1471 tamen,
685 1432 817 1478 quam
837 1415 1087 1461 brevissime
1109 1425 1279 1478 potero,
1303 1413 1434 1458 etiam

55 1485 145 1548 ipse
167 1486 275 1550 quid
300 1487 479 1532 sentiam
502 1486 555 1531 de
570 1486 646 1531 illa
670 1486 879 1531 sententia
908 1486 1036 1531 Pauli
1060 1485 1246 1549 apostoli
1272 1484 1370 1530 ad
1359 1501 1432 1529 111-

56 1555 336 1615 [elligendum
367 1556 562 1611 difficili,
589 1555 830 1601 dummodo
868 1555 979 1601 illud
998 1592 1010 1612 ‚
1043 1555 1164 1619 quod
1199 1555 1254 1600 ad
1291 1564 1432 1599 meam

53 1625 363 1686 professionem
387 1625 566 1680 attinet,
598 1625 825 1687 praecipue
858 1635 1080 1680 teneatur,
1108 1623 1229 1687 quod
1264 1623 1317 1668 de
1347 1622 1433 1668 hac

53 1710 122 1739 me
148 1695 275 1740 malle
297 1695 385 1740 dixi
421 1695 571 1740 audire
603 1695 811 1740 meliores.
845 1694 1198 1740 Fundamentum
1232 1692 1433 1740 Christus

48 1764 169 1809 estin
195 1775 413 1811 structura
433 1763 663 1810 architecti
680 1764 884 1827 sapientis
905 1782 915 1809 :
940 1764 1028 1810 hoc
1052 1763 1317 1827 expositione
1342 1780 1431 1808 nou

0 1851 1 1891 3
50 1832 227 1894 indiget.
264 1836 422 1898 Aperte
441 1835 557 1880 enim
575 1834 743 1879 dictum
769 1845 831 1880 est
853 1852 863 1879 ι
893 1856 914 1876 ‹<
940 1834 1292 1880 Fundamentum
1311 1833 1430 1878 enim

52 1920 73 1941 >²
92 1904 211 1949 aliud
235 1921 362 1950 nemo
381 1915 522 1967 potest
541 1921 702 1966 ponere
726 1916 908 1968 propter
923 1904 970 1950 id
989 1904 1109 1968 quod
1129 1904 1324 1968 positum
1348 1914 1428 1957 est,

53 1992 73 2013 »
91 1974 209 2036 quod
228 1985 290 2020 est
312 1974 512 2020 Christus
534 1975 701 2020 Jesus2.
731 1995 750 2015 ›>
771 1975 816 2019 Si
845 1986 988 2020 autem
1018 1975 1220 2021 Christus
1234 2011 1246 2031 ,
1273 1973 1431 2036 procul

52 2042 188 2088 dubio
211 2044 317 2089 fides
342 2044 518 2090 Christi.
563 2045 647 2088 Per
674 2043 805 2089 fidem
833 2044 1001 2107 quippe
1033 2044 1207 2090 habitat
1229 2044 1430 2088 Christus

49 2113 95 2158 in
130 2113 337 2160 cordibus
358 2114 540 2169 nostris,
572 2113 684 2159 sicut
713 2113 828 2160 idem
857 2115 1088 2177 Apostolus
1113 2114 1265 2161 dicit3.
1292 2115 1428 2159 Porro

50 2183 83 2228 si
107 2182 214 2228 fides
253 2182 442 2239 Christi,
469 2183 541 2229 illa
581 2183 732 2246 utique
769 2201 902 2246 quam
930 2184 1128 2230 definivit
1163 2184 1425 2248 Apostolus,

51 2273 72 2294 «
97 2253 210 2308 Quae
231 2269 311 2315 per
333 2252 611 2298 dilectionem
631 2253 881 2316 operatura.
908 2275 928 2295 »
955 2255 1056 2299 Non
1087 2254 1202 2300 enim
1231 2253 1336 2299 fides
1354 2251 1429 2299 illi

50 2321 327 2378 daemonum,
365 2339 467 2367 cum
502 2332 544 2367 et
584 2322 669 2385 ipsi
695 2322 875 2368 credant
912 2334 954 2368 et
989 2323 1352 2378 contremiscant,
1386 2332 1428 2366 et

51 2390 209 2437 Filium
231 2393 310 2437 Dei
333 2392 623 2437 confiteantur
647 2393 671 2436 J
676 2409 794 2437 esum
812 2429 823 2448 ,
861 2403 1004 2456 potest
1026 2393 1169 2456 accipi
1191 2393 1238 2438 in
1265 2390 1427 2437 funda-

47 2471 207 2507 mento.
240 2461 386 2517 Quare
405 2498 416 2517 ,
443 2461 525 2506 nisi
542 2461 645 2524 quia
666 2479 754 2507 non
772 2472 834 2507 est
859 2462 965 2509 fides
988 2479 1089 2527 quae
1114 2479 1194 2526 per
1224 2460 1425 2506 dilectio-

48 2547 144 2575 nem
166 2540 371 2593 operatur
390 2566 400 2585 ,
422 2530 494 2576 sed
513 2547 614 2594 quae
639 2532 895 2595 exprimitur
925 2550 1003 2596 per
1032 2533 1265 2578 timorem?
1297 2529 1422 2575 Fides

94 2611 104 2633 ¹
125 2611 237 2643 Jacob.
253 2623 294 2652 11,
319 2618 369 2648 ¹4·
384 2630 428 2636 —
444 2610 459 2633 ²
477 2624 489 2642 1
508 2614 581 2644 Cor.
604 2624 658 2655 ω,
683 2625 794 2645 10.-
807 2611 821 2635 ³
834 2614 952 2658 Ephes.
970 2625 1022 2654 m,
1041 2625 1146 2653 17.—
1165 2609 1179 2635 ⁴
1193 2612 1301 2644 Galat.
1316 2622 1349 2652 v,
1365 2612 1399 2644 6.
