1758 3246
342 297 404 342 60
758 312 793 344 s.
836 310 1080 343 aucusnm
1114 312 1316 344 nrlscom

341 397 367 419 ο)
392 375 592 422 rectionis
631 379 759 425 etiam
791 388 1066 423 mortuorum
1091 388 1131 423 et
1152 377 1311 436 judicii
1334 377 1526 424 aeterni1.
1551 399 1571 420 »
1610 367 1735 438 Haec{

335 445 477 505 igitur
500 446 645 493 omnia
661 446 875 511 pertinere
898 447 954 492 ad
977 447 1101 492 initia
1119 446 1455 509 t'eophytorum
1477 447 1577 493 satis
1598 459 1736 511 aper-1

337 526 472 578 teque
491 516 720 579 Scriptura
745 527 936 563 testatur.
975 516 1097 572 Quid
1124 527 1187 561 cst
1207 527 1347 561 autem
1367 535 1390 562 a
1415 517 1599 563 mortuis
1616 522 1736 581 ope-4

337 585 464 631 -ribus
486 587 773 649 poenitentia,
810 586 891 631 nisi
919 586 974 631 ab
1004 585 1072 630 his
1104 602 1204 648 quae
1229 596 1400 648 oportet
1431 587 1685 633 mortificari
1703 594 1736 644 ,ἲ

335 665 393 700 ut
409 656 639 703 vivamus?
657 673 759 720 quae
783 656 816 700 si
836 654 1047 700 adulteria
1065 654 1457 719 fornicationesque
1482 673 1572 701 non
1595 667 1712 713 sunt,
1734 694 1736 699 ,

332 725 449 788 quid
471 729 566 784 jam
593 726 707 771 inter
729 742 860 788 opera
878 735 1053 770 mortua
1078 725 1396 770 nominandum
1420 728 1514 771 est?
1542 725 1614 771 Sic
1637 729 1737 772 au-‘

343 804 428 839 tem
451 811 541 839 non
563 795 724 840 sufficit
746 794 955 858 professio
976 795 1221 840 recessionis
1244 813 1267 840 a
1285 794 1462 851 talibus,
1490 794 1574 841 nisi
1590 796 1738 843 etiami

336 863 510 908 lavacro
532 864 864 923 regenerationis
888 875 1046 910 cuncta
1073 865 1293 927 praeterita
1310 901 1322 919 ,
1359 881 1459 927 quae
1481 865 1601 910 velut
1620 870 1737 928 perd

339 942 597 994 sequuntur,
628 945 811 995 peccata
828 933 1053 979 deleantur
1070 954 1082 987 ;
1111 934 1224 978 sicut
1245 950 1334 979 non
1353 934 1520 980 suffecit
1540 934 1718 980 Israeli-
1735 955 1738 998 f

335 1001 390 1045 tis
413 1001 609 1047 recedere
640 1003 695 1047 ab
727 1004 932 1064 ‚Egyth
963 1003 1045 1047 nisi
1073 1020 1121 1048 ea
1145 1019 1244 1065 quae
1267 1003 1580 1066 insequebatur
1609 1004 1737 1049 hos-³

329 1070 445 1114 tium
463 1070 703 1116 multitudo
714 1070 908 1129 ejusdem
928 1071 1058 1116 maris
1077 1070 1285 1116 fluctibus
1306 1072 1518 1129 interiret,
1542 1072 1619 1135 qui
1637 1073 1718 1119 Dei
1736 1099 1739 1106 ·

332 1138 501 1201 populo
550 1140 783 1185 transituro
831 1140 1144 1203 liberandoque
1187 1151 1436 1203 patuerunt.
1488 1142 1578 1197 Qui
1617 1159 1717 1201 ergo
1737 1162 1739 1167 ·

331 1209 567 1272 profitetur
598 1210 654 1255 ab
693 1210 904 1256 adulterio
939 1210 1053 1256 nolle
1087 1228 1128 1256 se
1165 1222 1361 1267 mutare,
1388 1211 1608 1274 quomodo
1638 1222 1758 1276 per}¹

333 1295 453 1324 mare
488 1279 695 1325 Rubrum
716 1280 925 1336 ducetur,
953 1297 1055 1326 cum
1083 1281 1138 1325 ab
1165 1282 1349 1344 *Egypto
1379 1280 1524 1326 adhuc
1551 1292 1718 1327 recuset
1737 1290 1758 1344 ῖς

331 1348 588 1394 abscedere?
626 1350 793 1395 Deinde
827 1368 915 1396 non
942 1350 1170 1396 attendunt
1193 1352 1238 1395 in
1266 1367 1315 1396 ea
1340 1350 1428 1410 lege
1447 1387 1457 1406 ‚
1491 1367 1592 1413 quae
1617 1361 1717 1414 post
1737 1364 1758 1391 ¹.

327 1419 562 1464 trans-itum
591 1420 721 1465 maris
741 1421 887 1465 Rubri
917 1420 979 1465 illi
1006 1421 1173 1484 populo
1192 1420 1290 1466 data
1312 1430 1391 1473 est,
1420 1420 1614 1483 primum
1630 1439 1716 1466 esse
1737 1442 1758 1465 ι

331 1497 609 1550 praeceptum
632 1505 642 1531 :
667 1489 801 1533 «Non
836 1499 963 1533 erunt
997 1490 1078 1534 tibi
1112 1490 1185 1534 alii
1215 1489 1276 1534 dii
1298 1500 1459 1552 praeter
1493 1506 1574 1536 me.
1617 1491 1716 1536 Non
1737 1494 1758 1530 Ιι

328 1578 352 1598 ω
375 1557 504 1602 facies
526 1557 608 1602 tibi
625 1556 759 1610 idola,
787 1575 926 1621 neque
942 1558 1080 1604 ullum
1097 1558 1398 1615 simulacrum,
1426 1576 1716 1623 quaecumque
1737 1565 1741 1614 ξ

329 1648 353 1668 )>
379 1627 424 1673 in
447 1627 562 1673 coelo
579 1638 679 1673 sunt
696 1645 884 1685 sursum,
907 1639 948 1674 et
971 1646 1263 1692 quaecumque
1283 1630 1330 1675 iu
1349 1639 1462 1675 terra
1478 1629 1680 1675 deorsum
1699 1667 1710 1686 ‚
1738 1635 1741 1678 i

327 1717 354 1738 9>
379 1707 421 1742 et
439 1714 733 1775 quaecumque
758 1698 804 1743 in
826 1715 937 1761 aqua
968 1709 1011 1744 et
1031 1699 1114 1744 sub
1135 1709 1273 1752 teira3
1307 1717 1397 1744 non
1417 1699 1620 1745 adorabis
1636 1717 1685 1746 ea
1699 1737 1711 1756 ,
1738 1718 1741 1760 ς

328 1788 353 1809 ))
378 1784 517 1830 neque
559 1768 713 1813 servies
752 1768 837 1813 eis2
861 1785 871 1813 ε
895 1790 916 1810 >›
953 1779 994 1814 et
1033 1779 1191 1815 caetera
1227 1769 1281 1815 ad
1318 1769 1405 1815 hoc
1439 1780 1715 1833 praeceptum
1738 1799 1742 1832 2

331 1837 605 1900 pertinentia.
634 1837 741 1884 Affii
745 1850 864 1884 ment
887 1839 1032 1903 itaque
1050 1840 1136 1896 isti,
1156 1840 1190 1885 si
1208 1839 1381 1895 volunt,
1405 1850 1555 1886 contra
1576 1840 1712 1903 ipsam
1738 1840 1741 1901 ξ

327 1924 456 1953 suam
483 1906 779 1964 assertionem,
806 1909 936 1954 etiam
961 1908 1014 1954 de
1042 1909 1170 1954 unius
1194 1909 1274 1954 Dei
1298 1908 1419 1954 cultu
1435 1908 1714 1973 cavendaque

338 1975 602 2032 idololatria,
620 1993 709 2021 non
728 1945 875 2022 adhuc
897 1977 1267 2041 baptizandis‚sed
1275 1981 1366 2036 jam
1380 1978 1611 2041 baptizatis
1625 1995 1714 2024 esse
1739 1997 1741 2025 i

327 2046 668 2110 praedicandum
696 2064 707 2091 ε
737 2058 778 2092 et
811 2065 899 2093 non
928 2052 1019 2108 jam
1048 2048 1215 2104 dicant,
1244 2048 1303 2093 eis
1336 2048 1413 2111 qui
1444 2049 1712 2112 baptismum

331 2117 583 2180 percepturi
608 2127 725 2174 sunt,
748 2116 880 2162 fidem
900 2127 1068 2164 tantum
1086 2134 1186 2181 quae
1204 2118 1250 2163 in
1271 2118 1412 2162 Deum
1431 2128 1493 2163 est
1509 2118 1712 2165 intiman-
1739 2135 1741 2160 1

332 2186 452 2242 dam,
480 2197 520 2231 et
547 2196 647 2249 post
669 2190 759 2245 ejus
787 2187 1044 2234 sacramenti
1074 2187 1402 2251 perceptionem
1432 2187 1487 2233 de
1516 2188 1711 2234 moribus
1740 2207 1742 2237 5

329 2257 433 2303 vitae
454 2267 664 2335 tanquam
687 2256 741 2302 de
758 2257 948 2304 secundo
972 2269 1196 2322 praecepto
1214 2275 1283 2303 eos
1307 2257 1429 2321 quod
1447 2258 1501 2303 ad
1517 2258 1711 2305 dilectio-

330 2345 430 2375 nem
457 2327 644 2391 proximi
680 2328 869 2390 pertinet
902 2328 1189 2375 instruendos.
1226 2329 1471 2391 Utrumque
1495 2346 1610 2374 emm
1644 2328 1710 2375 lex

330 2397 542 2454 continet,
564 2414 696 2461 quam
721 2407 821 2460 post
837 2415 953 2444 mare
969 2399 1174 2445 Rubrum
1197 2409 1402 2462 tanquam
1418 2409 1520 2460 post
1534 2399 1709 2462 baptis·

328 2485 452 2514 mum
467 2467 662 2531 populus
689 2468 884 2530 accepit3
916 2486 997 2514 nec
1027 2469 1087 2514 ita
1105 2469 1220 2515 facta
1237 2479 1299 2514 est
1320 2467 1570 2515 distributio
1592 2485 1706 2533 prae-
1739 2494 1741 2497 ·

332 2549 576 2602 ceptorum,
598 2548 647 2583 ut
668 2547 763 2583 ante
788 2538 904 2586 illius
927 2540 1055 2585 maris
1080 2540 1307 2586 transitum
1325 2537 1380 2584 de
1397 2538 1590 2586 cavenda
1610 2538 1704 2584 ido·
1740 2561 1742 2596 [

379 2621 502 2657 {Heba
520 2633 564 2665 11,
584 2632 612 2661 1,
633 2632 664 2655 2.
679 2638 722 2644 —
741 2619 756 2642 2
770 2620 869 2653 Exod.
891 2632 944 2661 xx,
959 2628 990 2659 4,
