1758 3246
144 314 319 346 CONTRA
353 314 620 347 MENDAciuii
656 312 713 344 An
748 310 1051 352 coxsnurmu,
1090 308 1178 341 Lm.
1218 309 1250 339 1.
1326 291 1420 355 489

57 397 150 427 mm
154 392 193 427 te
208 381 431 427 hominem
455 380 686 435 liber-iret3
713 389 961 444 postremo,
988 387 1036 423 ut
1055 376 1109 422 ad
1132 392 1222 422 rem
1256 374 1310 421 de
1334 391 1423 439 qua

55 452 236 514 quaestio
260 462 321 497 est
339 452 550 515 propius
540 451 817 504 accedamus,
841 449 876 494 si
898 448 1050 493 merito
1078 447 1207 509 punit
1226 463 1322 491 eum
1344 444 1422 510 qui

54 520 246 566 foeminae
275 521 401 567 alicui
417 521 843 567 Priscillianistarum
866 516 1155 596 turpitudinis
1199 516 1385 561 consciae
1402 551 1414 571 ,

53 602 283 655 propterea
307 609 348 637 se
374 592 615 638 adulterino
634 591 872 638 concubitu
895 588 1094 643 miscuit,
1121 596 1169 632 ut
1191 585 1246 631 ad
1271 602 1422 631 eorum

54 659 238 707 latebras
251 663 515 726 perveniict.
528 663 704 708 obsecro
720 672 756 707 te
776 677 875 706 cum
888 658 1006 704 dicat
1018 624 1275 720 Ap⁹0stolusz
1300 676 1320 696 t<
1333 656 1424 702 Nec

58 751 78 771 ›>
101 732 334 778 exhibeatis
349 734 542 778 membra
566 743 704 779 xestia
733 748 850 777 arma
872 727 1113 793 iniquitatis
1130 723 1350 791 peccato1

54 812 95 846 et
111 801 207 848 ideo
227 820 304 848 nec
322 820 491 858 manus
516 821 594 849 nec
615 803 810 866 corporis
835 799 1052 861 genitalia,
1080 815 1159 844 nec
1183 797 1264 844 alia
1283 813 1423 842 mem-

53 873 132 918 bra
157 873 326 933 flagitiis
364 874 565 920 exhibere
585 874 842 929 debeamus,
872 882 920 918 ut
938 869 1281 916 Priscillianistas
1304 867 1421 913 inve-

55 945 145 988 nire
163 944 399 1006 possimus,
426 944 534 1007 quid
558 962 633 990 nos
650 944 815 1004 lingua,
840 942 948 1007 quid
974 952 1112 987 totum
1131 957 1176 985 os
1200 948 1419 994 nostrum,

55 1013 162 1076 quid
185 1031 393 1073 organum
418 1016 536 1061 vocis
565 1015 768 1069 offendit,
815 1025 861 1059 ut
887 1014 985 1059 haec
1004 1011 1282 1058 exhibeamus
1307 1025 1425 1054 arma

54 1094 250 1147 peccato,
270 1095 474 1148 tantoque
488 1096 667 1149 peccato
683 1123 694 1140 ,
722 1085 799 1130 ubi
824 1085 964 1130 Deum
987 1093 1184 1128 nostrum
1198 1117 1210 1137 ,
1232 1090 1280 1125 ut
1300 1078 1422 1123 Pris-

56 1152 301 1200 cillianistas
326 1156 619 1218 apprehensos
641 1156 695 1201 ab
718 1154 974 1214 ignorantiae
997 1150 1280 1215 blasphemiis
1299 1165 1426 1195 erua-

55 1241 150 1269 mus
165 1261 175 1278 ,
197 1225 285 1270 sine
301 1227 568 1271 excusatione
593 1225 851 1284 ignorantiae
874 1222 1259 1285 blasphememus?

119 1294 240 1340 xlx.
282 1295 408 1340 Dicet
431 1295 606 1357 aliquis:
632 1295 744 1353 Ergo
764 1291 1003 1356 aequandus
1022 1302 1083 1336 est
1095 1290 1167 1336 fur
1181 1289 1368 1354 quilibet
1385 1288 1424 1334 ei

53 1362 141 1408 furi
159 1364 233 1427 qui
256 1364 563 1410 misericordiae
588 1364 809 1410 voluntate
842 1362 1040 1408 furatur?
1067 1361 1176 1417 Quis
1194 1360 1280 1405 hoc
1298 1358 1422 1405 dixe-

56 1434 141 1480 rit?
164 1433 247 1479 Sed
272 1434 429 1480 horum
466 1434 652 1480 duorum
692 1451 780 1479 non
802 1432 900 1479 ideo
925 1443 985 1478 est
1005 1431 1238 1495 quisquam
1259 1430 1420 1485 bonus,

57 1504 158 1567 quia
175 1509 299 1569 pejor
320 1516 381 1551 est
404 1522 528 1553 unus.
562 1510 685 1566 Pejor
708 1515 769 1551 est
792 1504 905 1550 enim
939 1503 1016 1567 qui
1041 1500 1393 1565 concupiscendo
1410 1536 1422 1556 ,

56 1592 187 1638 quam
213 1578 290 1642 qui
311 1577 551 1622 miserando
574 1577 766 1622 furatur:
791 1575 863 1621 sed
887 1575 921 1621 si
937 1574 1100 1620 furtum
1119 1589 1246 1619 omne
1270 1588 1429 1636 pecca-

58 1659 150 1694 tum
167 1658 256 1703 est,
275 1648 331 1693 ab
358 1648 477 1693 omni
489 1648 605 1694 furto
625 1659 685 1694 est
698 1646 1018 1694 abstinendum.
1048 1644 1158 1701 Quis
1178 1642 1292 1689 enim
1310 1642 1429 1689 dicat

59 1736 143 1764 csse
159 1718 352 1782 peccand
361 1735 451 1773 um,
468 1719 634 1764 etiamsi
654 1718 771 1764 aliud
785 1715 1115 1770 sstdmnnabile,
1136 1713 1253 1760 aliud
1265 1713 1429 1759 veniale

56 1791 311 1853 peccatum?
328 1790 455 1835 Nunc
467 1800 607 1835 autem
617 1789 871 1852 quaerimus,
888 1787 921 1833 si
934 1787 1020 1832 hoc
1039 1796 1113 1832 aut
1126 1784 1236 1830 illud
1248 1785 1432 1848 quisque

57 1859 222 1915 fecerit,
237 1859 334 1923 quis
351 1876 437 1904 non
454 1859 676 1923 peccabit,
693 1859 780 1905 sive
796 1858 1026 1922 peccabit:
1049 1872 1136 1903 non
1147 1855 1244 1920 quis
1258 1856 1429 1915 gravius

58 1930 243 1975 leviusve
254 1929 473 1993 peccabit,
489 1948 590 1975 nam
603 1941 645 1975 et
668 1930 760 1993 ipsa
786 1930 900 1975 furta
917 1928 1050 1974 levius
1069 1927 1219 1990 utique
1234 1925 1432 1990 puniun-

59 2010 131 2045 tur
159 2000 268 2060 lege,
311 2017 443 2063 quam
477 2011 627 2064 stupra
647 2018 657 2046 :
698 2011 797 2046 sunt
826 2011 968 2046 autem
1003 2009 1186 2061 utraque
1221 2006 1427 2060 peccata,

60 2071 256 2134 quamvis
281 2071 358 2117 alia
382 2072 560 2127 leviora,
578 2073 660 2118 alia
683 2071 876 2132 graviora
891 2092 902 2126 ς
918 2071 977 2118 ita
996 2081 1043 2117 ut
1062 2069 1198 2116 levius
1215 2067 1432 2113 habeatur

58 2143 223 2188 furtum
247 2142 366 2206 quod
394 2143 770 2207 concupiscendo,
806 2160 938 2206 quam
961 2152 1163 2205 stuprum
1184 2139 1303 2204 quod
1323 2139 1432 2185 sub-

58 2212 269 2258 veniendo
287 2213 589 2260 committitur.
612 2214 663 2258 In
682 2230 758 2258 suo
781 2213 946 2276 quippe
965 2228 1115 2273 genere
1134 2210 1224 2255 aliis
1242 2208 1434 2269 ejusdem

59 2283 220 2344 generis
250 2283 440 2346 peccatis
459 2283 619 2329 leviora
641 2285 769 2340 fiunt,
797 2300 897 2347 quae
920 2283 1038 2328 bono
1059 2282 1202 2327 animo
1225 2279 1430 2326 videntur

61 2353 231 2400 admitti
253 2371 263 2398 ε
292 2370 391 2399 cum
411 2364 554 2399 tamen
574 2365 614 2400 et
633 2355 726 2418 ipsa
744 2354 919 2400 alterius
946 2353 1108 2414 generis
1132 2350 1321 2416 peccatis
1337 2349 1433 2413 ipso

38 2440 135 2470 suo
160 2441 308 2483 genere
327 2424 855 2471 levioribusinveniantur
881 2442 967 2470 esse
1005 2422 1213 2484 graviora.
1249 2419 1435 2467 Gravius

0 2545 1 2550 Ἰ
61 2504 123 2538 est
167 2494 281 2538 enim
317 2495 512 2550 avaritia,
559 2513 690 2558 quam
732 2493 1027 2541 misericordia
1064 2492 1231 2538 furtum
1270 2489 1433 2544 facere3

61 2563 250 2627 itemque
288 2574 491 2628 stuprum
532 2566 702 2628 gravius
730 2576 792 2614 est
816 2564 1008 2624 luxuria,
1035 2579 1169 2630 quam
1190 2560 1438 2609 misericor-

111 2646 121 2670 ¹
144 2650 235 2680 Rom.
254 2658 299 2687 vr,
323 2649 378 2682 13.
