1758 3246
267 209 367 256 326
685 227 719 257 s.
763 226 1007 259 Auccsnxi
1041 230 1243 262 EPISCOPI

263 292 444 351 renuas,
481 301 659 341 caeteras
693 291 1036 352 intelligentibus
1062 295 1292 358 reliquisse.
1336 296 1449 343 Nam
1474 309 1516 347 et
1533 299 1645 347 alius

271 360 543 421 Evangelista
581 360 720 414 solum
749 365 1102 410 commemoravit
1135 366 1391 429 centuplum
1411 365 1428 394 1
1461 385 1472 411 ι
1513 385 1646 415 1111111-

266 429 373 493 quid
393 429 490 475 ideo
513 431 737 494 putandus
757 443 819 476 est
847 432 927 476 alia
951 432 1038 477 duo
1061 434 1127 479 vel
1145 435 1411 496 improbasse
1435 436 1503 481 vel
1523 438 1645 496 igno-

265 516 394 554 rasse,
423 517 470 545 ac
491 517 577 545 non
591 500 734 563 potius
751 501 1029 560 intelligenda
1049 502 1299 565 reliquisse?

325 570 506 617 XLVII.
551 571 635 616 Sed
663 581 709 616 ut
733 571 875 616 dicere
896 588 1114 634 coeperam
1135 609 1145 625 ,
1179 573 1265 618 sive
1285 584 1490 621 centenus
1517 575 1644 621 fruc-

261 650 331 685 tus
349 639 401 684 sit
429 641 518 685 Deo
543 640 698 685 devota
721 641 969 699 virginitas,
997 641 1085 686 sive
1108 641 1191 686 alio
1217 642 1363 705 aliquo
1392 644 1523 689 modo
1539 681 1550 700 ‚
1580 646 1646 691 vel

261 726 388 773 quem
412 711 848 755 commemoravimus
865 748 875 763 ‚
908 711 976 756 vel
1001 728 1131 773 quem
1158 729 1244 756 non
1282 716 1647 760 commemoravi-

262 796 385 833 mus,
416 779 470 823 sit
498 779 571 824 illa
601 779 831 825 fertilitatis
856 780 1137 839 intelligenda
1166 781 1399 836 distantia3
1426 801 1550 828 nemo
1577 795 1647 829 ta-

264 866 362 893 men
378 885 388 903 ,
419 859 632 912 quantum
657 860 765 912 puto
789 887 799 904 ‚
823 867 950 895 ausus
972 849 1102 895 fuerit
1127 851 1418 910 virginitatem
1442 853 1647 915 praeferre

261 919 469 980 martyrio
484 954 495 973 ,
517 935 565 963 ac
582 935 706 963 nemo
727 918 996 963 dubitaverit
1013 919 1097 964 11οο
1117 919 1282 965 (101111111
1298 921 1521 966 occultum
1538 939 1643 974 esse,

262 987 295 1032 si
325 988 600 1032 examinatrix
638 987 747 1032 desit
781 988 980 1034 tentatio.
1028 990 1172 1034 Habet
1205 990 1351 1053 itaque
1377 991 1496 1050 virgo
1523 991 1646 1054 quod

261 1057 419 1116 cogitet
454 1057 574 1120 quod
608 1057 645 1100 ci
681 1058 818 1120 prosit
853 1058 905 1102 ad
946 1058 1196 1103 servandam
1232 1059 1554 1116 humilitatem,
1596 1079 1648 1106 ne

261 1126 394 1171 violet
415 1127 484 1171 illa
495 1144 532 1171 m
556 1143 655 1189 quat
681 1128 977 1188 supereminet
996 1127 1122 1172 donis
1146 1129 1350 1174 omnibns
1367 1129 1642 1179 cl’iaritatcm,

265 1197 354 1241 sine
373 1214 459 1259 qua
481 1197 630 1259 utiquc
651 1213 943 1258 qumcmnqne
969 1197 1051 1241 alia
1075 1198 1140 1242 vel
1162 1215 1303 1259 pauca
1329 1198 1395 1243 vel
1430 1199 1562 1260 plura
1581 1199 1648 1244 vel

263 1283 419 1325 magna
443 1266 509 1311 101
535 1282 669 1328 parva
697 1265 905 1310 habuerit
925 1303 935 1319 ‚
974 1266 1086 1311 nihil
1116 1277 1190 1312 est.
1234 1266 1380 1310 Habet
1398 1303 1408 1321 ‚
1432 1267 1609 1329 inquam
1634 1304 1644 1319 ‚

266 1335 385 1398 quod
410 1335 569 1394 cogitet
590 1346 739 1380 utnon
766 1335 970 1390 infletur,
997 1353 1082 1380 non
1109 1335 1367 1387 annuleturg
1394 1336 1452 1381 ita
1478 1353 1519 1380 se
1536 1336 1649 1381 scili-

267 1416 336 1450 cet
366 1405 533 1449 bonum
571 1404 780 1464 virginale
814 1405 1033 1463 conjugali
1068 1405 1186 1449 bono
1221 1404 1357 1449 multo
1385 1403 1572 1467 amplius
1607 1416 1650 1450 et

269 1474 422 1520 melius
445 1474 643 1536 profiteri
661 1510 672 1528 ,
694 1484 742 1518 ut
763 1484 906 1518 tamen
924 1473 1086 1518 nesciat
1108 1483 1255 1518 utrum
1274 1473 1347 1518 illa
1368 1473 1436 1519 vel
1455 1473 1529 1518 illa
1547 1490 1649 1519 con-

265 1549 418 1603 J'ugata
434 1548 526 1603 jam
552 1543 642 1605 pati
662 1560 744 1605 pro
770 1542 946 1587 Christo
967 1543 1103 1605 possit
1120 1579 1131 1598 ,
1159 1542 1306 1588 adhuc
1325 1560 1425 1588 vero
1443 1543 1537 1606 ipsa
1561 1561 1650 1589 non

268 1613 428 1676 possit,
453 1622 495 1657 et
515 1612 561 1657 111
586 1611 673 1656 1100
693 1611 731 1655 01
755 1622 986 1673 parcatur,
1013 1612 1116 1674 quia
1142 1611 1371 1657 infirmitas
1390 1616 1480 1671 ers
1508 1623 1650 1658 tenta-

270 1684 387 1728 tione
402 1699 490 1727 nou
514 1682 818 1740 interrogatur.
849 1702 869 1721 «
894 1680 1049 1726 Fidelis
1064 1681 1179 1725 enim
1203 1681 1315 1726 Deus
1332 1717 1342 1736 ‚
1370 1681 1430 1726 ait
1458 1683 1650 1744 Aposto-

270 1773 292 1794 ))
311 1753 377 1798 lus
396 1789 407 1807 ,
434 1752 510 1815 qui
529 1769 617 1796 non
640 1768 714 1797 vos
737 1750 952 1813 permittit
975 1751 1133 1795 tentari
1151 1767 1281 1813 super
1303 1749 1347 1796 id
1366 1750 1486 1813 quod
1509 1762 1651 1814 potes-

270 1844 291 1864 »
310 1823 364 1867 tis
380 1859 390 1875 ,
418 1821 491 1866 sed
510 1820 640 1866 faciet
657 1837 759 1866 cum
784 1820 1021 1865 tentatione
1045 1820 1172 1864 etiam
1198 1820 1357 1864 exitum
1374 1857 1384 1876 ‚
1407 1831 1455 1866 ut
1481 1820 1653 1885 possitis

272 1914 293 1934 ›>
313 1891 558 1937 sustinere2.
589 1912 610 1932 »
635 1890 839 1935 Fortassis
864 1907 963 1949 ergo
991 1888 1056 1934 1111
1083 1889 1152 1935 vel
1175 1889 1261 1934 illae
1290 1889 1526 1949 conjugalis
1551 1889 1654 1935 vitae

271 1962 503 2007 retinentes
517 1960 563 2005 in
581 1977 657 2005 suo
681 1977 831 2019 genere
855 1959 1123 2005 laudabilem
1145 1958 1325 2004 modum
1346 1996 1356 2014 ‚
1375 1963 1468 2018 jam
1487 1959 1655 2021 possint

272 2042 426 2078 contra
448 2030 676 2075 inimicum
702 2030 756 2075 ad
781 2029 1057 2093 iniquitatem
1089 2039 1313 2088 cogentem
1337 2029 1465 2074 etiam
1489 2028 1654 2074 laniatu

271 2101 489 2147 viscerum
512 2110 554 2144 et
576 2099 780 2144 effusione
815 2098 1032 2159 sanguinis
1060 2098 1294 2152 dimicare3
1328 2097 1392 2143 illi
1423 2108 1564 2143 autem
1587 2097 1655 2144 vel

274 2171 362 2217 illae
404 2188 428 2216 a
468 2169 655 2232 pueritia
693 2170 960 2214 continentes
979 2205 990 2225 ‚
1037 2185 1164 2231 seque
1205 2178 1435 2213 castrantes
1473 2178 1656 2231 propter

269 2257 453 2301 regnum
477 2239 694 2285 coelorum
711 2277 722 2296 ‚
756 2239 954 2285 nondum
989 2249 1131 2284 tamen
1158 2238 1328 2285 valeant
1358 2237 1460 2283 talia
1478 2238 1547 2285 vel
1572 2256 1654 2301 pro

267 2310 435 2372 justitia
460 2309 528 2355 vel
561 2326 642 2373 pro
671 2309 765 2372 ipsa
790 2309 1006 2372 pudicitia
1046 2309 1266 2354 sustinere.
1300 2307 1430 2354 Aliud
1455 2319 1517 2353 est
1539 2308 1654 2352 enim

271 2398 353 2445 pro
371 2380 550 2427 veritate
575 2396 624 2424 ac
643 2379 873 2442 proposito
899 2389 1049 2424 sancto
1072 2396 1161 2423 non
1191 2377 1432 2422 consentire
1456 2375 1654 2421 suadenti

278 2462 405 2514 atque
428 2448 698 2506 blandienti,
723 2448 842 2494 aliud
863 2466 950 2494 non
969 2448 1119 2495 cedere
1135 2447 1266 2493 etiam
1288 2445 1508 2510 torquenti
1527 2456 1653 2513 atque

326 2532 427 2563 ¹Luc.
449 2543 522 2570 vui,
538 2531 568 2561 8.
589 2548 631 2555 -—·
649 2529 664 2552 2
687 2541 699 2560 1
722 2532 798 2562 Cor.
819 2533 921 2568 1313,
