1758 3246
313 331 406 376 510
733 343 767 372 S.
811 341 1050 372 Aucusnm
1085 344 1287 374 EPISCOPI

311 409 503 455 invenire
526 417 787 471 potuerunt3
818 407 993 470 quando
1027 407 1094 453 vir
1115 412 1255 468 justus
1280 409 1324 454 in
1349 425 1477 455 causa
1499 410 1675 456 omnino

313 479 529 526 simillima
554 495 635 541 pro
658 478 743 523 suis
774 478 1024 540 hospitibus
1056 479 1225 525 mentiri
1253 479 1416 536 noluit,
1447 497 1556 544 quos
1591 497 1676 526 esse

314 548 497 609 Angelos
520 548 760 604 nesciebat,
787 558 829 593 et
850 548 937 593 vini
962 558 1099 593 morte
1121 553 1310 612 pejorem
1341 567 1394 595 ne
1425 560 1677 612 paterentur

313 619 507 665 timebat.
539 619 594 663 Et
613 628 725 663 certe
743 628 912 680 poterat
937 617 1037 662 talia
1060 618 1316 680 respondere
1351 619 1646 682 quaerentibus
1661 656 1672 675 ,

313 689 455 753 qualia
472 689 517 734 in
535 688 712 734 ,Iericho
738 688 891 733 mulier
910 687 983 734 illa
1006 688 1242 751 respondit.
1280 690 1388 734 Nam
1420 707 1596 753 prorsus
1614 690 1676 735 si-

312 760 470 805 militer
484 769 525 805 et
544 758 603 804 illi
628 758 931 817 interrogando
963 759 1237 820 quiesierunt.
1272 759 1355 804 Sed
1384 759 1516 805 homo
1535 764 1676 819 justus

312 830 453 875 noluit
469 846 550 892 pro
570 828 826 891 corporibus
846 828 1066 891 hospitum
1092 829 1277 874 animam
1302 847 1423 875 suam
1453 847 1529 875 suo
1554 848 1676 876 111611-

312 901 437 945 dacio
458 899 680 954 maculari,
701 916 781 961 pro
799 899 959 961 quibus
975 898 1113 945 voluit
1127 916 1310 962 corpora
1327 900 1514 946 filiarum
1529 900 1677 946 alienae

311 970 485 1016 libidini
508 970 735 1032 iniquitate
758 969 846 1014 vim
872 970 1056 1032 perpeti.
1095 969 1242 1015 Faciat
1263 987 1362 1030 ergo
1392 970 1526 1015 homo
1549 970 1678 1015 etiam

309 1059 390 1106 pro
412 1039 642 1103 temporali
661 1039 893 1085 11011111111111
920 1039 1054 1085 salute
1076 1039 1196 1102 quod
1218 1050 1358 1103 potest
1379 1057 1390 1086 ε
1412 1056 1513 1085 611111
1535 1051 1676 1085 autem

312 1112 367 1158 ad
385 1112 502 1157 1111116
524 1109 753 1156 articulum
773 1120 948 1155 ventum
972 1110 1130 1165 fuerit,
1157 1120 1204 1155 ut
1221 1110 1295 1155 tali
1317 1109 1440 1155 saluti
1459 1109 1678 1156 consulere

310 1183 391 1227 nisi
416 1180 638 1245 peccando
658 1197 743 1225 11011
774 1180 908 1242 possit
929 1196 939 1223 :
965 1181 1063 1224 ι111111
1095 1196 1136 1224 se
1159 1179 1368 1224 existimet
1396 1197 1485 1225 11011
1517 1179 1679 1225 habere

311 1253 419 1317 quid
441 1253 591 1307 faciat,
628 1251 804 1315 quando
836 1250 880 1296 id
906 1250 1121 1313 reliquum
1157 1267 1242 1295 esse
1275 1252 1536 1314 perspexerit
1559 1252 1679 1314 quod

310 1342 399 1370 non
418 1334 530 1369 recte
552 1323 695 1369 faciat.
725 1321 911 1367 Proinde
929 1322 1054 1366 Raab
1073 1321 1118 1366 in
1135 1320 1334 1375 Jericho,
1360 1322 1463 1384 quia
1486 1322 1677 1384 peregri-

311 1412 388 1440 nos
406 1395 602 1440 homines
620 1394 702 1438 Dei
719 1393 906 1455 suscepit
921 1390 1110 1454 hospitio
1124 1427 1134 1446 ,
1158 1390 1260 1452 quia
1275 1391 1321 1436 in
1338 1407 1487 1436 eorum
1508 1407 1678 1454 suscep-

310 1467 426 1510 tione
449 1463 690 1527 periclitata
706 1473 788 1517 est,
815 1463 913 1525 quia
935 1463 980 1506 111
997 1478 1144 1506 eorum
1168 1462 1306 1505 Deum
1326 1461 1513 1506 credidit
1531 1498 1542 1514 ,
1577 1461 1679 1523 quia

308 1535 532 1594 diligenter
550 1550 619 1578 eos
635 1533 711 1578 ubi
729 1533 869 1595 potuit
889 1531 1123 1576 occultavit
1142 1567 1152 1586 ‚
1175 1530 1276 1592 quia
1302 1547 1379 1593 per
1414 1529 1540 1575 aliam
1562 1530 1678 1576 viam

309 1604 529 1651 remeandi
553 1604 780 1649 consilium
801 1603 1097 1648 fidelissimum
1129 1600 1277 1656 dedit,
1319 1602 1448 1646 etiam
1481 1617 1679 1664 supernae

311 1675 546 1721 Jerusalem
568 1674 737 1721 civibus
755 1672 963 1719 imitanda
987 1672 1201 1718 laudetur.
1234 1671 1364 1727 Quod
1383 1681 1526 1717 autem
1553 1687 1679 1716 men-

311 1746 390 1791 tita
411 1756 498 1801 est,
542 1744 708 1790 etiamsi
744 1744 910 1807 aliquid
941 1743 1004 1789 ibi
1046 1741 1357 1806 propheticum
1395 1740 1679 1801 intelligenter

308 1817 560 1879 exponitur,
587 1833 675 1860 non
700 1827 843 1860 tamen
863 1814 1121 1860 imitandum
1143 1813 1358 1874 sapienter
1377 1812 1641 1875 proponitur
1664 1829 1674 1856 :

310 1887 508 1952 quamvis
532 1888 648 1931 Deus
675 1886 750 1931 illa
769 1886 885 1931 bona
916 1882 1251 1930 memorabiliter
1269 1882 1571 1938 honoraverit,
1592 1881 1680 1927 hoc

313 1958 476 2004 malum
495 1957 724 2003 clementer
745 1957 973 2016 ignoverit.

375 2027 554 2073 XXXV.
587 2028 698 2082 Quae
717 2044 816 2072 611111
833 2028 892 2072 ita
911 2027 996 2072 sint
1014 2062 1025 2081 ,
1051 2025 1256 2088 quoniam
1276 2023 1403 2069 nimis
1421 2023 1598 2082 longum
1619 2033 1679 2068 est

311 2098 455 2143 omnia
478 2106 765 2159 pertractare,
791 2113 889 2159 quae
909 2098 952 2142 in
974 2095 1047 2141 illa
1065 2095 1197 2140 Libra
1220 2094 1400 2139 Dictinii
1423 2103 1524 2138 sunt
1539 2093 1679 2156 posita

310 2166 649 2214 velutiinitanda
668 2167 861 2230 exempla
873 2165 1109 2212 mentiendi
1129 2183 1138 2210 :
1162 2164 1214 2210 ad
1231 2164 1347 2210 hanc
1360 2163 1553 2223 regulam
1571 2163 1679 2209 mihi

311 2237 512 2283 videntur
530 2253 617 2281 non
637 2236 774 2282 solum
795 2238 872 2282 ista
887 2275 897 2293 ‚
924 2237 1205 2284 verumetiam
1225 2235 1258 2280 si
1275 2252 1361 2297 qua
1380 2245 1481 2280 sunt
1497 2234 1601 2279 talia
1618 2251 1681 2279 re-

311 2307 496 2366 digenda
511 2343 522 2362 ,
549 2316 598 2351 ut
618 2317 692 2351 aut
716 2306 836 2369 quod
855 2324 940 2352 esse
968 2306 1158 2352 creditur
1174 2343 1185 2362 ,
1212 2304 1462 2350 ostendatur
1484 2321 1572 2350 non
1594 2320 1679 2349 esse

311 2377 587 2424 mendacium
603 2396 613 2430 ;
639 2377 726 2422 sive
744 2378 821 2422 uhi
842 2388 1007 2423 tacetur
1023 2394 1173 2423 verum
1189 2413 1199 2432 ,
1220 2392 1300 2421 nec
1318 2374 1481 2420 dicitur
1497 2373 1675 2428 falsum3

309 2449 395 2495 sive
432 2448 509 2493 ubi
533 2447 790 2507 significatio
826 2466 951 2494 verax
987 2447 1105 2493 aliud
1142 2464 1190 2492 ex
1229 2445 1309 2490 alio
1349 2444 1444 2490 vult
1473 2443 1674 2504 intelligi„

310 2519 428 2582 quod
443 2535 573 2578 genus
591 2519 874 2578 figuratorum
892 2519 958 2566 vel
978 2519 1197 2564 dictorum
1220 2515 1285 2562 vel
1310 2514 1525 2562 sactorum
1544 2514 1681 2559 abun-

310 2590 385 2635 dat
406 2590 451 2634 in
482 2588 753 2652 propheticis
778 2589 949 2635 Litteris
974 2607 984 2634 :
1010 2599 1084 2634 aut
1111 2604 1211 2651 quae
1238 2585 1560 2632 convincuntur
1593 2601 1679 2630 csse

308 2658 533 2706 mendacia
547 2695 559 2717 ,
587 2675 675 2708 non
697 2676 783 2707 esse
807 2659 1019 2707 imitanda
1043 2666 1360 2714 monstrentur,
1381 2665 1424 2702 et
1441 2654 1475 2702 si
1500 2671 1586 2719 qua
1603 2671 1678 2705 no-
