1758 3246
319 322 376 353 m:
413 321 554 352 omnm
589 321 919 363 110010110111111,
957 323 1044 354 Lm.
1086 324 1116 355 1.
1318 310 1410 356 525

53 385 307 434 sufficerent.
342 387 408 434 Ad
446 387 696 434 Corinthios
722 388 833 434 enim
867 388 1057 433 scribens
1087 388 1139 434 de
1167 389 1249 435 hac
1268 390 1414 436 eadem

53 475 126 513 re,
165 457 225 503 ita
264 457 401 503 dicit:
441 459 579 503 «Non
614 476 706 504 sum
730 458 869 504 liber?
908 475 995 503 non
1032 475 1124 503 sum
1152 460 1416 522 Apostolus?

55 550 76 570 ›>
98 529 251 573 Nonne
267 528 488 574 Christum
508 529 651 574 Jesum
672 529 906 575 Dominum
924 538 1114 574 nostrum
1133 529 1245 575 vidi?
1265 532 1416 576 Nonne

53 618 76 640 ›>
94 615 203 661 opus
221 615 364 643 meum
382 615 456 644 vos
478 599 573 644 estis
592 599 636 644 in
656 599 872 645 Domino?
899 597 942 643 Si
963 597 1053 643 aliis
1073 615 1160 644 non
1183 617 1277 645 sum
1297 617 1417 663 apos-

54 689 75 711 »
94 668 223 724 tolus,
241 668 364 714 vobis
382 680 680 715 verumtamen
700 686 809 716 sum.
839 668 1117 729 Signaculum
1150 670 1262 715 enim
1288 687 1418 733 apos-

55 759 77 781 »
95 738 254 783 tolatus
286 738 367 783 mei
398 756 472 784 vos
504 739 601 784 estis
629 740 673 785 in
708 739 910 786 Domino.
945 739 1040 783 Mea
1063 737 1249 784 defensio
1274 740 1328 784 ad
1352 757 1420 785 005

55 808 170 871 »qui
202 825 270 853 me
304 807 569 868 interrogant
603 809 701 854 haec
737 819 811 855 est.
853 808 1075 871 Numquid
1105 826 1190 854 non
1210 809 1421 855 habemus

57 899 78 920 ))
95 888 348 941 potestatem
373 879 665 924 manducandi
688 890 728 924 01
754 878 966 924 bibendi?
995 879 1217 942 Numquid
1237 896 1322 924 non
1343 879 1422 924 ha-

57 949 246 993 »bemus
280 959 534 1011 potestatem
564 967 748 994 sororem
785 949 1008 994 mulierem
1038 949 1420 1006 circumducendi,

57 1039 78 1060 ))
98 1019 208 1063 51001
224 1020 420 1064 etcaetcri
438 1019 651 1081 Apostoli,
670 1030 710 1064 01
730 1019 877 1064 fratres
893 1019 1091 1076 Domini,
1110 1019 1423 1083 ct(]0phas1?»

58 1088 166 1134 Vide
188 1089 554 1151 quemadmodum
591 1090 784 1152 primum
809 1088 1006 1135 ostendat
1028 1091 1133 1152 quid
1161 1091 1243 1135 sibi
1271 1091 1420 1146 liceat,

59 1169 99 1204 et
112 1158 208 1204 ideo
227 1159 354 1204 liceat
372 1159 474 1222 quia
493 1160 719 1222 Apostolus
737 1171 812 1207 est.
843 1159 946 1205 lntle
967 1161 1077 1205 enim
1098 1161 1235 1223 coepit
1255 1179 1266 1205 ι
1288 1182 1307 1202 «
1329 1162 1424 1207 'Non

61 1249 81 1270 ))
101 1245 193 1274 sum
212 1227 350 1274 liber?
373 1245 459 1273 non
484 1245 577 1273 sum
596 1228 858 1291 Apostolus?
878 1249 898 1270 »
920 1230 974 1273 Et
990 1229 1150 1292 probat
1171 1247 1213 1275 se
1237 1232 1426 1293 Aposto-

60 1298 151 1344 lum
175 1314 283 1353 0550,
315 1297 461 1342 dicens
484 1315 495 1341 t
535 1319 554 1339 r<
577 1298 729 1343 Nonne
754 1298 977 1343 Christum
1015 1299 1159 1344 Jesum
1191 1300 1427 1345 Dominum

64 1389 84 1409 »
105 1377 299 1413 nostrum
317 1366 433 1413 vidi?
454 1368 605 1412 'Nonne
621 1384 729 1429 opus
746 1384 888 1412 meum
907 1384 983 1413 vos
998 1369 1094 1413 estis
1114 1369 1157 1413 in
1180 1370 1391 1415 Domino?
1409 1391 1428 1411 »

68 1439 167 1494 Quo
189 1437 376 1500 probato
402 1438 586 1482 ostendit
603 1438 682 1482 sihi
705 1438 830 1483 licere.
855 1438 973 1500 quod
993 1438 1157 1484 caeteris
1185 1440 1399 1503 Apostolis
1416 1477 1427 1496 ‚

67 1507 113 1553 id
134 1517 195 1552 est
212 1544 222 1563 ‚
247 1517 295 1552 01
318 1524 405 1552 1100
429 1518 633 1570 operetur
659 1507 860 1552 manibus
889 1508 972 1552 suis
991 1545 1000 1555 ,
1033 1507 1104 1552 5οἀ
1128 1525 1175 1552 ex
1200 1509 1432 1568 Evangelio

67 1578 185 1624 Vivat
204 1615 214 1633 ,
241 1578 351 1622 51001
377 1578 586 1623 Dominus
605 1578 826 1623 constituit
841 1616 851 1632 ‚
876 1577 992 1640 quod
1013 1578 1057 1622 in
1074 1580 1434 1641 consequentibus

71 1647 334 1710 apertissime
358 1647 669 1692 demonstrarit
693 1665 703 1692 :
732 1647 784 1692 ad
808 1647 893 1692 hoc
914 1647 1027 1692 enim
1052 1658 1093 1692 01
1112 1647 1255 1693 fideles
1279 1649 1435 1694 mulie-

70 1736 135 1763 res
161 1718 369 1763 habentes
389 1728 597 1762 terrenam
618 1718 902 1763 substantiam
921 1718 1043 1763 ibant
1066 1735 1165 1763 cum
1187 1719 1244 1763 eis
1261 1756 1271 1773 ,
1300 1730 1341 1764 et
1357 1722 1436 1765 mi-

71 1788 315 1833 nistrabant
343 1788 399 1833 eis
431 1788 485 1833 de
511 1789 749 1833 substantia
784 1806 882 1843 sua,
924 1799 971 1833 01
1008 1788 1168 1833 110111115
1198 1789 1439 1849 indigerent

73 1858 233 1903 horum
257 1875 354 1920 quoe
391 1858 442 1902 ad
480 1858 712 1903 necessaria
736 1859 837 1904 vitae
871 1859 1003 1918 hujus
1037 1860 1268 1920 pertinent.
1308 1859 1438 1916 Quod

74 1927 226 1973 beatus
258 1927 418 1972 Paulus
458 1928 584 1972 licere
623 1928 797 1990 quidem
825 1928 906 1973 51111
942 1928 1230 1984 demonstrat,
1267 1929 1377 1974 sicut
1398 1940 1440 1974 et

75 1998 218 2044 caeteri
237 1998 432 2061 Apostoli
451 1998 670 2043 faciebant
686 2036 695 2053 ,
717 1999 786 2044 sed
807 2016 854 2044 ea
877 2010 1090 2061 potestate
1105 2017 1146 2044 se
1170 2000 1232 2044 uti
1256 2000 1439 2046 noluisse

76 2066 222 2133 post'ea
243 2079 567 2114 commemorat.
596 2070 691 2114 Hoc
716 2069 895 2132 quidum
917 2087 1005 2114 non
1025 2069 1304 2130 intelligentes
1320 2108 1330 2127 ,
1355 2088 1441 2116 non

72 2154 98 2181 ·«
125 2140 320 2185 Sororem
349 2138 597 2195 mulierem,
633 2160 652 2180 »
692 2156 791 2184 cum
831 2140 901 2185 ille
935 2139 1128 2185 diceret:
1169 2162 1189 2182 α
1217 2141 1442 2205 Numquid

79 2231 100 2252 »
118 2227 207 2255 non
230 2210 443 2255 habemns
466 2219 719 2272 potestatem
737 2227 920 2256 sororem
944 2209 1162 2256 mulierem
1188 2211 1444 2257 circumdu-

79 2279 268 2335 »cendi‚
294 2301 314 2321 »
346 2279 418 2324 sed
453 2301 473 2321 α
492 2281 715 2324 Uxorem»
747 2281 1017 2344 interpretati
1046 2291 1158 2327 sunt.
1189 2281 1354 2327 Fefellit
1375 2299 1443 2327 cos

79 2350 202 2397 verbi
225 2350 353 2410 graeci
391 2349 650 2409 ambiguitas
668 2387 678 2405 ‚
713 2350 832 2413 quod
855 2361 897 2395 et
922 2367 1027 2395 uxor
1053 2361 1092 2395 et
1118 2351 1270 2396 mulier
1295 2351 1444 2397 eodem

80 2422 216 2467 verbo
240 2437 377 2480 graece
397 2419 571 2465 dicitur.
614 2420 874 2483 Quanquam
903 2421 989 2465 hoc
1012 2421 1068 2465 1111
1094 2423 1284 2483 posuerit
1308 2424 1448 2485 Apos-

82 2491 197 2537 tolus
214 2528 225 2547 ,
250 2501 298 2536 ut
316 2490 407 2536 falli
436 2508 520 2535 11011
549 2489 776 2535 debuerint
799 2509 810 2535 ι
846 2491 947 2554 quin
974 2508 1111 2553 neque
1141 2513 1161 2532 «
1179 2493 1404 2538 lllulierem
1426 2516 1447 2536 ))

85 2560 386 2609 tantummodo
431 2561 517 2617 ait,
559 2560 632 2606 sed
666 2583 685 2601 a
711 2562 908 2607 Sororem
944 2560 1222 2617 mulierem23
1259 2585 1278 2606 >2
1314 2581 1451 2628 neque

136 2640 146 2662 ¹
168 2649 179 2669 1
200 2640 273 2671 Cor.
289 2647 335 2679 lx,
360 2638 431 2671 1-5,
449 2654 491 2660 -—
509 2636 526 2661 2
542 2632 682 2678 Α’ὃελφῆν
699 2642 827 2676 γυναῖκα
842 2636 1002 2678 περιὸιγειν,
