1758 3246
359 371 413 401 1111
450 369 589 400 ornan
624 369 953 411 nomenonun,
994 373 1079 403 tm.
1124 375 1152 403 1.
1356 363 1441 412 531

93 458 113 478 »
135 437 220 482 hac
242 446 472 500 potestate3
499 435 572 481 sed
599 435 740 480 onmia
767 433 1015 491 toleramus,
1046 454 1096 481 ne
1118 439 1236 502 quod
1258 441 1450 505 impedi-

90 529 110 549 »
133 518 326 553 mentum
349 506 498 552 demus
525 504 755 565 Evangelio
784 504 961 552 Christi.
989 526 1008 546 »
1030 506 1187 553 Dicant
1218 528 1317 571 ergo
1348 513 1445 571 isti,

92 578 310 641 quomodo
344 577 397 623 de
430 593 556 640 opere
591 574 775 639 spiritali
805 574 1019 621 carnalem
1061 578 1223 625 victum
1260 582 1455 631 habebat

93 647 341 710 Apostolus,
369 663 470 692 cum
493 656 638 709 aperte
661 645 750 709 ipse
774 644 908 700 dicat,
937 662 1024 690 non
1049 663 1090 692 se
1117 665 1240 695 usum
1267 669 1352 699 esse
1372 655 1456 701 hac

92 728 310 781 potestate.
348 719 403 763 At
429 718 463 763 si
490 716 542 762 de
570 733 697 779 opere
721 715 903 778 spiritali
932 717 1147 764 carnalem
1173 721 1338 768 victum
1371 743 1458 771 non

92 788 302 844 habebat,
337 798 466 833 restat
497 797 546 832 ut
572 784 624 831 de
652 802 779 848 opere
807 786 1024 848 corporali
1055 788 1275 845 habuerit,
1300 803 1341 838 et
1362 795 1460 840 inde

93 857 210 903 dieat
237 876 248 903 :
277 879 297 899 «
319 858 467 920 Neque
489 873 644 919 panem
669 855 799 915 gratis
822 856 878 900 ab
903 853 1048 919 aliquo
1081 859 1457 921 manducavimus,

95 947 115 968 »
141 927 212 973 sed
235 928 279 973 in
301 927 450 973 labore
468 938 510 972 et
534 926 784 985 fatigatione
817 935 944 970 noete
972 936 1013 970 et
1038 926 1106 972 die
1137 943 1377 992 operanteS,
1408 953 1460 980 ne

94 1019 115 1039 >2
137 1015 266 1061 quem
294 1008 482 1043 vestrum
508 1012 783 1056 gravaremus
806 1012 923 1040 :non
943 998 1044 1058 quia
1068 1015 1155 1043 non
1181 1000 1463 1050 habuerimus

95 1091 115 1111 »
136 1079 408 1133 potestatem,
433 1067 504 1113 sed
527 1077 574 1112 ut
591 1083 668 1111 nos
686 1065 870 1111 formam
896 1066 1094 1113 daremus
1115 1070 1256 1127 vobis,
1283 1090 1368 1136 qua
1386 1091 1463 1120 nos

95 1162 116 1181 η
138 1138 426 1185 imitaremini.
459 1137 635 1192 Omnia,
659 1136 1092 1199 inquit‚.toleramus,
1112 1157 1165 1185 ne
1192 1143 1314 1204 quod
1330 1145 1468 1208 impe-

96 1232 116 1251 »
140 1209 382 1255 dinientum
405 1208 555 1253 demus
574 1206 806 1265 Evangelio
829 1206 1036 1254 Christil.
1061 1230 1080 1249 »

159 1281 212 1325 X.
257 1280 312 1323 Et
345 1278 455 1323 redit
486 1292 647 1330 rursus,
682 1275 907 1338 modisque
941 1278 1143 1324 omnibus
1176 1283 1305 1326 etiam
1340 1294 1467 1347 atque

95 1350 222 1394 etiam
247 1347 522 1393 commendat
550 1345 657 1408 quid
685 1346 768 1390 sibi
795 1345 940 1401 liceat,
972 1357 1014 1391 et
1038 1358 1178 1394 tamen
1205 1368 1294 1396 non
1316 1352 1460 1403 faciat.

96 1442 116 1461 «
141 1419 339 1473 Nescitis,
360 1417 518 1481 inquit,
541 1415 744 1479 quoniam
762 1417 838 1479 qui
856 1416 901 1461 in
920 1418 1082 1480 templo
1100 1432 1350 1482 operantur,
1369 1442 1469 1488 quae

98 1513 118 1532 »
143 1490 196 1536 de
219 1489 380 1553 templo
404 1498 503 1533 sunt
529 1486 693 1532 edunt?
729 1487 805 1549 qui
839 1487 992 1532 altario
1018 1488 1282 1548 deserviunt,
1316 1494 1466 1540 altario

99 1583 119 1603 υ
143 1561 518 1624 compartiuntur?
544 1558 614 1603 Sic
637 1568 678 1602 et
698 1558 907 1603 Dominus
926 1558 1143 1605 ordinavit
1158 1562 1206 1606 iis
1225 1564 1300 1625 qui
1316 1566 1465 1612 Evan-

99 1653 119 1673 »
145 1631 304 1691 gelium
342 1628 618 1683 annuntiant,
657 1626 710 1672 de
748 1627 980 1686 Evangelio
1016 1629 1190 1675 vivere:
1212 1649 1288 1691 ego
1325 1646 1467 1681 autem

99 1724 120 1744 »
143 1701 304 1747 nullius
327 1700 483 1745 horum
518 1714 618 1743 usus
644 1699 780 1744 sum2.
807 1718 825 1739 >³
848 1698 968 1753 Quid
1000 1698 1086 1745 1106
1119 1704 1332 1764 apertius?
1358 1707 1466 1768 quid

99 1773 284 1818 clarius)
311 1772 470 1816 Vereor
498 1786 551 1815 ne
580 1769 689 1814 forte
714 1785 812 1814 cum
838 1768 995 1814 dissero
1019 1770 1164 1816 volens
1186 1773 1232 1818 id
1259 1791 1466 1839 exponere

100 1844 335 1889 obscurum
361 1843 435 1886 siat
459 1839 578 1903 quod
598 1857 676 1903 per
698 1857 739 1884 se
764 1839 880 1885 lucet
897 1850 938 1884 et
957 1840 1100 1888 claret.
1129 1843 1217 1898 Qui
1235 1846 1349 1893 enim
1367 1847 1465 1894 haec

99 1915 232 1961 verba
251 1931 336 1958 non
351 1911 614 1970 intelligunt,
634 1920 707 1955 aut
728 1927 768 1955 se
793 1927 880 1955 non
899 1910 1132 1972 intelligere
1155 1915 1343 1974 fingunt,
1370 1935 1465 1964 mea

100 1985 237 2030 multo
255 1983 395 2029 minus
414 1981 659 2041 intelligunt
676 1980 741 2026 vel
760 1998 800 2026 se
821 1982 1055 2042 intelligere
1077 1986 1338 2046 profitentur
1356 2005 1365 2032 :
1382 1988 1464 2033 nisi

99 2054 208 2100 forte
237 2063 464 2117 propterea
492 2051 578 2097 cito
609 2050 850 2110 intelligant
881 2062 1043 2108 nostra,
1078 2054 1178 2116 quia
1210 2057 1465 2103 conceditur

101 2126 159 2170 eis
192 2123 404 2170 intellecta
441 2121 656 2176 deridere,
694 2120 748 2166 de
788 2122 982 2184 Apostoli
1019 2134 1160 2169 autem
1197 2127 1340 2172 Verbis
1375 2145 1463 2174 non

100 2195 213 2241 idem
234 2193 500 2240 conceditur.
529 2193 764 2254 Propterea
782 2191 858 2236 ubi
877 2191 998 2237 aliter
1014 2209 1061 2238 ea
1077 2195 1316 2241 seeundum
1342 2215 1464 2243 suam

102 2264 354 2310 sententiam
379 2261 650 2325 interpretari
675 2278 760 2306 non
784 2273 982 2324 possunt,
1013 2262 1142 2308 etiam
1165 2265 1279 2311 clara
1302 2278 1344 2312 et
1367 2284 1460 2314 ma·-

103 2335 270 2389 nifesta,
294 2333 478 2379 obseura
494 2342 536 2377 et
553 2331 714 2377 incerta
733 2348 817 2376 esse
843 2332 1120 2395 respondent,
1148 2336 1251 2398 quia
1270 2354 1404 2399 prava
1425 2349 1466 2384 et

102 2421 301 2468 perversa
322 2420 409 2448 non
434 2401 608 2448 audent.
641 2400 810 2446 Clamat
832 2401 965 2447 homo
993 2403 1071 2448 Dei
1091 2421 1101 2448 z
1120 2424 1140 2444 «
1159 2405 1371 2453 Dominus
1393 2425 1469 2454 ora

105 2498 126 2518 »
151 2475 318 2521 dinavit
343 2473 393 2518 iis
417 2472 493 2536 qui
526 2470 805 2530 Evangelium
837 2472 1119 2528 annuntiant,
1153 2473 1206 2519 de
1239 2476 1470 2537 Evangelio

105 2568 126 2588 »
148 2544 307 2601 vivere,
336 2559 413 2603 ego
438 2553 578 2588 autem
600 2540 760 2587 nullius
784 2541 943 2586 horum
965 2559 1064 2587 usus
1084 2559 1178 2588 sum
1200 2561 1210 2589 ε
1234 2567 1253 2586 »
1271 2557 1313 2591 et
1334 2564 1470 2594 cona-

106 2627 176 2662 tur
199 2631 300 2662 earo
319 2624 361 2659 et
380 2612 550 2672 sanguis
576 2621 694 2657 recta
716 2610 970 2675 depravare,
995 2624 1142 2677 aperta
1165 2613 1381 2673 Claudere,
1404 2635 1474 2664 se-

159 2700 170 2722 ¹
196 2711 207 2730 1
227 2697 341 2731 Thess.
358 2708 413 2742 111,
435 2697 465 2735 8,
487 2707 521 2738 9.
538 2713 583 2719 —-
598 2694 613 2717 ²
635 2709 646 2728 1
669 2696 742 2728 Cor.
762 2705 807 2736 1x,
830 2697 944 2728 13-15.

1270 2752 1345 2808 32.
