1758 3246
275 291 325 320 m:
362 289 597 319 comosus
634 285 943 327 ADUL'rElule‚
984 289 1070 318 1213.
1112 291 1162 320 11.
1321 277 1414 338 399

45 357 142 401 sisse
172 354 466 413 intelligatur,
505 353 591 415 qua
622 353 711 397 sola
743 365 871 397 causa
895 349 1093 398 dicedere
1131 354 1301 401 licitum
1324 366 1414 409 est;

45 425 119 470 sed
150 425 296 488 potius
331 423 542 469 existimas
575 440 597 466 a
627 422 817 484 pudico,
860 432 902 467 et
927 422 1024 467 ideo
1053 426 1213 481 jussam
1247 432 1418 470 manere

46 495 275 557 innuptam
298 505 345 538 ut
367 502 509 556 posset
533 491 569 537 ei
599 491 891 547 reconciliari,
925 492 957 536 si
987 493 1206 537 continere
1238 494 1308 538 ille
1333 503 1417 539 no-

46 564 216 618 luisset,
242 580 295 608 ne
322 563 465 608 virum
498 561 554 607 ad
577 560 912 617 fornicandum,
940 558 984 606 id
1008 571 1070 606 est
1087 598 1097 617 ,
1133 561 1188 606 ad
1219 562 1346 606 aliam
1378 579 1419 607 se

45 635 214 679 vivente
244 631 514 686 ducendam,
549 631 644 693 ipsa
674 648 759 676 non
800 628 1078 676 reconciliata
1124 630 1415 694 compelleret.

48 704 265 748 Caeterum
289 702 323 746 si
353 720 376 747 a
399 703 492 747 viro
532 701 774 746 fornicante
811 700 1074 756 discesserit,
1111 710 1240 763 putas
1263 701 1299 745 ei
1333 717 1422 745 non

46 773 230 835 praecipi
257 782 306 817 ut
326 773 513 834 innupta
547 781 825 833 permaneat3
853 770 926 815 sed
952 771 1038 816 hoc
1066 788 1159 816 eam
1191 769 1355 826 facere,
1387 771 1422 814 si

47 843 271 888 continens
290 858 376 887 esse
394 842 578 887 voluerit
599 861 610 894 ;
636 857 723 886 non
749 850 798 886 ut
830 842 1043 904 praecepti
1074 840 1271 886 violatrix
1298 842 1420 885 inve-

48 914 192 957 niatur
216 929 302 957 esse
320 949 331 960 ,
361 913 395 957 51
413 912 622 975 nupserit.
650 912 763 967 Quae
781 912 865 956 tibi
882 910 1054 956 videtur
1066 911 1205 956 forma
1227 922 1269 956 et
1289 928 1311 955 a
1329 912 1422 955 viro

48 999 134 1028 esse
157 982 392 1036 servanda,
424 993 471 1027 ut
505 983 678 1027 uxorem
709 998 799 1026 non
835 981 1052 1037 dimittat,
1091 991 1267 1044 excepta
1297 997 1425 1026 causa

47 1052 367 1104 fornicationi's3
394 1052 429 1096 si
455 1062 599 1097 autem
625 1050 858 1106 dimiserit,
888 1061 1058 1096 maneat
1081 1051 1169 1095 sinc
1190 1051 1418 1109 conjugio,

53 1133 101 1168 ut
124 1121 301 1185 pudicae
320 1121 591 1167 reconciliari
613 1122 749 1184 possit
773 1123 920 1175 uxori,
948 1121 1029 1165 nisi
1051 1120 1162 1165 forte
1196 1122 1427 1166 continen-

53 1193 154 1237 tiam
179 1192 252 1237 illa
285 1191 513 1250 delegerim
547 1209 600 1236 ne
623 1192 765 1234 uxoris
789 1200 918 1234 castae
937 1191 1329 1235 reconciliationem
1354 1208 1426 1235 re-

50 1261 216 1319 fugiens
233 1295 244 1314 ,
272 1262 362 1321 ipse
390 1260 507 1303 illam
530 1269 656 1317 cogat
675 1258 918 1314 moechari,
941 1261 975 1303 si
993 1276 1078 1304 sese
1098 1276 1185 1304 non
1204 1261 1427 1305 continens

53 1331 222 1375 vivente
240 1328 314 1373 illo
339 1328 536 1390 nupserit
563 1327 683 1373 alteri
713 1346 723 1372 ε
748 1329 780 1373 51
807 1339 949 1374 autem
972 1328 1101 1374 fuerit
1119 1331 1174 1374 ab
1199 1347 1325 1375 uxore
1341 1329 1428 1375 for-

55 1402 228 1446 nicante
247 1399 516 1458 disjunctus,
532 1403 622 1458 jam
647 1416 744 1444 eum
765 1400 884 1445 nullo
906 1411 1130 1462 praecepto
1153 1412 1201 1446 ut
1220 1418 1262 1446 se
1285 1403 1430 1446 conti-

55 1481 152 1516 neat
175 1470 381 1525 detineri‚
407 1486 485 1514 nec
505 1471 682 1514 omnino
704 1470 942 1523 moechari,
965 1471 999 1515 si
1023 1472 1121 1515 viva
1150 1470 1222 1515 illa
1249 1470 1427 1516 alteram

56 1541 225 1585 duxerit
246 1557 257 1584 ι
283 1540 488 1601 quoniam
510 1538 554 1583 id
574 1539 694 1601 quod
720 1539 910 1584 nitidem
938 1539 1169 1601 Apostolus
1191 1557 1201 1584 ε
1232 1562 1251 1581 «
1274 1540 1431 1585 Mulier

58 1633 78 1652 »
97 1610 268 1669 alligata
291 1620 378 1664 est,
419 1609 617 1671 quandiu
641 1611 708 1654 vir
739 1614 829 1669 ejus
858 1611 992 1663 vivit3
1029 1610 1147 1672 quod
1178 1612 1210 1655 si
1235 1621 1430 1656 mortuus

58 1703 78 1722 »
96 1680 226 1725 fuerit
251 1679 316 1724 vir
339 1682 453 1737 ejus,
480 1678 663 1724 liberata
687 1690 748 1724 est
764 1716 774 1734 ,
812 1681 884 1725 cui
899 1679 995 1724 vult
1023 1679 1214 1733 nubat13
1235 1702 1253 1721 »
1277 1681 1335 1726 sic
1359 1682 1431 1725 in-

59 1749 340 1809 telligendum
368 1749 605 1804 existimas,
643 1760 691 1794 ut
716 1750 749 1794 si
785 1751 849 1795 vir
882 1750 1013 1795 fuerit
1046 1750 1310 1807 fornicatus,
1349 1769 1430 1813 pro

60 1831 230 1866 mortuo
249 1820 505 1882 deputetur,
533 1830 574 1864 et
612 1836 715 1865 uxor
740 1837 822 1882 pro
858 1830 1057 1874 mortuam
1096 1831 1137 1866 et
1172 1821 1268 1866 ideo
1305 1821 1434 1867 liceat

61 1891 240 1937 cuilibet
271 1889 471 1943 illorum,
498 1899 707 1952 tanquam
732 1901 833 1952 post
852 1901 1060 1945 mortem,
1088 1892 1147 1937 ita
1169 1901 1269 1955 post
1291 1890 1432 1937 forni-

61 1961 273 2007 cationem
298 1959 494 2017 conjugis
519 1958 641 2004 alteri
667 1960 880 2022 copulari.

126 2031 210 2077 111.
250 2029 424 2086 Quibus
447 2030 532 2074 tuis
556 2029 751 2075 sensibus
774 2029 1076 2087 consideratis,
1100 2031 1176 2076 abs
1191 2041 1234 2077 te
1255 2049 1405 2095 quaero
1420 2071 1431 2090 ‚

64 2113 210 2147 utrum
234 2102 502 2163 quicumque
525 2100 695 2146 duxerit
730 2101 952 2146 mulierem
969 2139 979 2147 .
1014 2118 1112 2167 quae
1138 2104 1231 2148 viro
1267 2103 1438 2164 alligata

0 2213 1 2225 ἶ
63 2189 150 2216 6556
172 2170 410 2225 destiterit,
439 2168 609 2215 adulter
628 2170 859 2216 habendus
883 2173 964 2216 sit?
988 2171 1118 2228 Quod
1143 2173 1226 2218 tibi
1245 2175 1436 2219 existimo

0 2330 2 2403 i

0 2493 4 2698 ἓ

0 2703 4 2775 1

0 2785 4 2847 l

1 2915 5 2951 ε

0 2971 5 3034 l

0 2247 1 2250 ’
65 2259 153 2287 11011
179 2241 330 2287 videri.
370 2240 474 2285 Ideo
505 2242 618 2285 enim
654 2240 809 2286 mulier
842 2262 862 2282 «
887 2241 1068 2287 vivente
1092 2243 1184 2288 viro
1210 2245 1440 2290 vocabitur

66 2333 87 2353 >›
107 2310 299 2357 adultera
314 2346 325 2365 ,
348 2311 381 2354 si
401 2308 529 2354 fuerit
547 2326 648 2355 cum
673 2309 755 2355 alio
777 2311 921 2364 vir023
946 2332 965 2352 >2
984 2312 1188 2375 quoniam
1213 2334 1233 2354 <‹
1255 2313 1438 2373 Alligata

68 2398 89 2424 5>
105 2391 193 2435 est,
216 2378 412 2442 quandiu
436 2383 503 2424 vir
525 2383 615 2439 ejus
635 2381 767 2426 vivit.
794 2401 815 2422 >2
856 2381 952 2426 Hoc
987 2391 1129 2426 autem
1154 2382 1379 2427 vinculum
1404 2386 1439 2430 si

68 2452 107 2497 ei
120 2467 222 2497 cum
238 2451 330 2496 viro
348 2449 518 2495 vivente
541 2467 628 2496 non
646 2461 752 2496 esset
770 2488 781 2507 ‚
809 2452 898 2496 sine
915 2450 1003 2496 ullo
1028 2451 1228 2497 adulterii
1260 2453 1442 2500 crimine

72 2521 195 2567 alteri
225 2520 422 2567 nuberet.
464 2520 654 2566 Proinde
688 2521 723 2567 si
750 2521 923 2582 alligata
950 2532 1013 2568 est
1045 2520 1242 2583 quandiu
1262 2524 1331 2569 vir
1351 2523 1443 2585 ejus

122 2604 132 2625 ¹
158 2614 171 2633 1
193 2604 268 2637 Cor.
287 2612 348 2639 vn,
365 2603 423 2643 39.
437 2618 483 2626 —
501 2601 623 2637 ²Rom.
644 2614 700 2642 vu,
719 2605 752 2637 3.
