1758 3246
313 218 404 273 [304
734 231 767 257 s.
812 229 1053 258 ‚tt'Gt'S'stM
1088 229 1291 259 miss-,01³1

312 305 472 360 perunt
497 311 507 338 ε
532 292 651 356 quod
678 292 933 338 Christianis
954 293 1155 339 omnibus
1180 293 1409 357 Apostolus
1445 293 1503 338 ita
1536 294 1642 339 dicit
1665 311 1675 337 :

315 388 335 406 (ι
360 364 543 410 Nescitis
563 364 663 427 quia
678 363 889 426 templum
911 364 990 408 Dei
1008 364 1122 420 estis,
1147 376 1188 409 ct
1202 365 1390 427 Spiritus
1412 363 1490 409 Dei
1511 363 1681 410 habitat

315 456 337 477 »
361 435 406 480 in
427 434 551 480 vobis
567 437 585 479 Ξ)
614 435 819 498 Quisquis
842 433 1051 497 templum
1083 435 1161 480 Dei
1184 435 1428 498 corruperit
1443 471 1454 490 ,
1481 450 1682 479 corrum-

313 527 335 548 ›>
357 516 434 569 pet
456 504 578 550 illum
599 506 726 552 Deus.
759 505 988 568 Templum
1011 506 1122 550 enim
1141 506 1220 551 Dei
1238 516 1433 551 sanctum
1455 515 1542 561 est,
1566 504 1683 568 quod

315 598 336 618 »
358 576 454 621 estis
477 592 552 621 vos
566 573 598 622 1.
630 596 649 616 >2

382 646 589 692 XXXIX.
636 647 689 690 tit
711 644 856 690 omnia
882 643 1056 708 quidem
1075 646 1156 691 ista
1177 657 1356 708 peccata
1376 684 1386 702 ‚
1419 648 1504 692 sive
1527 646 1686 710 quibus

316 716 475 775 injuria
498 719 547 760 fit
572 715 828 759 hominibus
844 715 889 760 in
904 715 1008 777 ipsis
1027 716 1128 761 vitae
1152 716 1283 775 liujus
1307 716 1546 762 commodis
1566 753 1577 772 ,
1601 716 1687 762 sive

317 787 479 849 quibus
503 802 543 830 se
563 784 647 846 ipsi
678 784 874 830 homines
899 797 1217 848 corrumpunt,
1245 797 1287 832 et
1309 787 1419 833 nulli
1438 788 1575 833 invito
1605 803 1688 831 no-

319 866 448 907 cent3
475 854 619 898 omnia
640 871 738 913 ergo
763 854 842 899 ista
878 865 1055 917 peccata
1080 892 1090 912 ,
1129 856 1294 900 etiamsi
1322 855 1427 901 huic
1466 856 1690 917 temporali

317 925 422 971 vitae
444 923 500 969 ad
524 922 712 986 aliquam
748 923 1077 969 delectationem
1116 924 1184 969 vel
1224 924 1451 970 utilitatem
1488 925 1692 971 xffidentur
1746 947 1752 976 ς

319 994 539 1040 consulere
571 1012 580 1038 :
608 994 733 1056 (nam
760 994 904 1039 nullus
928 994 1092 1057 aliquid
1116 995 1278 1040 horum
1296 996 1377 1040 alio
1398 995 1623 1058 proposito
1643 1012 1692 1041 ac
1748 1030 1751 1051 4

319 1065 406 1133 fine
429 1063 695 1124 committit)
718 1081 727 1107 :
752 1074 891 1109 tamen
912 1064 966 1109 ad
984 1064 1102 1109 illam
1123 1066 1255 1111 vitam
1273 1103 1285 1120 ‚
1314 1082 1413 1128 quae
1436 1066 1693 1128 sempiterna
1749 1081 1753 1103 ι

325 1145 411 1191 est,
439 1133 686 1197 implicatos
701 1134 903 1179 omnibus
922 1134 1061 1180 modis
1079 1135 1340 1198 impediunt.
1368 1136 1535 1180 Horum
1551 1145 1694 1180 autem
1749 1154 1754 1167 ·

324 1205 404 1250 alia
432 1215 532 1250 sunt
563 1220 664 1266 quae
698 1203 808 1248 solos
839 1203 1041 1249 facientes
1075 1205 1350 1268 impediunt,
1378 1205 1460 1250 alia
1491 1221 1590 1267 quae
1624 1221 1695 1249 eos

325 1275 455 1321 etiam
476 1274 522 1320 in
543 1274 704 1336 quibus
732 1274 857 1319 fiunt.
899 1275 1010 1319 Nam
1041 1274 1114 1319 illa
1145 1292 1244 1337 quae
1268 1275 1464 1320 utilitatis
1497 1274 1551 1318 ad
1580 1274 1695 1319 lianc

323 1345 459 1393 vitam
491 1343 747 1407 pertinentis
773 1343 908 1401 gratia
933 1355 1182 1400 servantur,
1225 1362 1326 1389 cuin
1360 1343 1612 1389 auferuntur
1640 1343 1695 1388 ab
1750 1336 1755 1351 ¹

323 1414 564 1474 injuriosi&
582 1413 645 1457 illi
661 1412 739 1457 soli
756 1423 958 1474 peccant,
985 1425 1065 1458 eta
1090 1414 1179 1460 vita
1201 1424 1361 1458 aeterna
1377 1413 1692 1476 impediuntur,

326 1486 403 1549 qui
427 1501 519 1529 eam
542 1483 737 1539 faciunt,
767 1501 857 1528 non
892 1484 923 1528 ii
952 1484 1111 1547 quibus
1139 1484 1320 1530 faciunt.
1351 1485 1502 1547 Itaque
1532 1483 1698 1529 etiamsi

327 1572 375 1601 ea
396 1554 480 1599 sibi
503 1553 659 1598 auferri
679 1553 860 1616 quisque
893 1554 1132 1599 consentiat
1149 1591 1160 1610 ,
1188 1554 1255 1599 vel
1278 1571 1330 1599 ne
1365 1553 1497 1599 faciat
1533 1553 1698 1616 aliquid

327 1624 454 1681 mali,
473 1622 540 1671 vel
564 1640 617 1668 ne
639 1623 684 1667 in
703 1622 772 1667 his
796 1623 900 1686 ipsis
917 1628 1056 1683 maJ'us
1080 1623 1245 1686 aliquid
1269 1623 1535 1669 incommodi
1552 1623 1698 1686 patia-

328 1707 417 1753 tur,
443 1712 531 1740 non
549 1693 688 1739 solum
716 1710 804 1739 non
819 1705 976 1756 peccat
994 1732 1004 1750 ,
1025 1695 1098 1740 sed
1120 1695 1232 1740 illud
1252 1694 1417 1740 fortiter
1437 1705 1479 1739 et
1493 1694 1699 1740 laudabi-

326 1766 424 1812 liter
440 1803 451 1822 ,
488 1765 576 1809 hoc
619 1763 780 1809 utiliter
801 1774 842 1808 et
877 1764 1204 1827 inculpabiliter
1236 1763 1353 1810 facit.
1405 1765 1516 1820 Quae
1557 1774 1700 1811 autem

326 1835 564 1882 sanctitatis
586 1834 886 1897 religionisque
908 1851 1037 1880 causa
1055 1846 1294 1891 servantur,
1312 1852 1413 1880 cum
1425 1835 1523 1880 haec
1542 1835 1701 1881 violare

328 1907 528 1966 injuriosi
551 1905 788 1958 x'oluerint3
805 1905 933 1950 etiam
952 1907 1144 1967 peccatis
1161 1905 1402 1950 minoribus
1421 1942 1432 1959 ‚
1453 1923 1540 1951 non
1563 1916 1703 1953 tamen

329 1976 497 2035 injuriis
511 1975 692 2021 aliorum
709 2012 720 2031 ,
741 1975 775 2020 si
795 1974 987 2020 conditio
1010 1975 1274 2038 proponitur
1292 1986 1334 2021 et
1355 1975 1536 2021 facultas
1554 1976 1699 2033 datur,

330 2046 582 2092 redimenda
598 2057 710 2092 sunt.
752 2049 809 2090 Et
829 2056 934 2090 tunc
949 2049 1041 2105 jam
1066 2047 1140 2092 illa
1167 2046 1369 2092 desinunt
1392 2063 1477 2092 esse
1497 2057 1672 2109 peccata
1689 2084 1699 2104 ‚

332 2134 431 2180 quae
453 2128 636 2181 propter
659 2117 854 2177 graviora
881 2116 1057 2162 vitanda
1094 2117 1403 2180 suscipiuntur.
1444 2117 1567 2164 Sicut
1590 2118 1703 2164 enim

331 2188 379 2234 in
399 2188 528 2234 rebus
560 2189 741 2234 utilibus
762 2225 773 2244 ,
801 2187 919 2234 velut
941 2188 986 2233 in
1017 2189 1270 2251 pecuniario
1304 2189 1440 2235 aliove
1475 2188 1705 2235 commodo

331 2260 549 2323 corporali
571 2297 581 2316 ,
613 2277 703 2306 non
728 2269 911 2306 vocatur
929 2258 1138 2304 damnum
1155 2296 1166 2315 ‚
1204 2259 1323 2323 quod
1363 2270 1544 2323 propter
1567 2263 1706 2319 majus

333 2329 505 2375 lucrum
524 2329 736 2376 amittitur
757 2348 767 2374 ε
791 2329 852 2374 sic
872 2329 972 2374 etin
985 2329 1113 2374 rebus
1134 2329 1290 2374 sanctis
1307 2346 1394 2374 non
1410 2339 1591 2375 vocatur
1606 2345 1707 2392 pec-

331 2411 478 2446 catum
494 2437 506 2457 ,
535 2399 655 2463 quod
677 2417 730 2445 ne
752 2417 845 2460 grai
859 2400 924 2444 ius
949 2399 1230 2455 admittatur,
1261 2399 1519 2445 admittitur.
1562 2400 1649 2444 Aut
1674 2399 1708 2443 si

331 2482 372 2516 et
394 2470 504 2516 illud
524 2470 733 2516 damnum
758 2469 937 2526 dicitur,
967 2469 1084 2531 quod
1111 2468 1263 2531 aliquis
1281 2468 1426 2531 perdit
1447 2486 1500 2514 ne
1523 2467 1709 2532 amplius

364 2553 374 2575 ¹
409 2564 421 2586 1
447 2554 522 2586 Cor.
558 2564 623 2597 ιιι,
650 2553 705 2595 ιδ,
733 2565 783 2592 ¹7-
