1758 3246
409 265 463 295 nu
500 266 621 294 BONO
656 262 929 303 mouimus,
969 264 1054 292 ΜΒ.
1095 263 1124 292 1.
1352 245 1445 300 343

83 328 336 376 maledictus
356 330 601 376 habebatur
635 349 713 393 per
735 331 838 389 legis
856 330 1109 375 sententiam
1129 329 1205 393 qui
1238 345 1326 374 non
1350 342 1446 371 sus-

84 398 234 445 citaret
255 417 396 446 semen
411 401 457 446 in
482 402 662 448 Isra'e'l1.
690 401 814 447 Unde
826 411 868 446 et
889 411 1047 446 sanctae
1067 400 1264 446 mulieres
1289 413 1448 443 accen-

27 503 31 507 .
83 467 301 515 debantur
340 487 426 515 non
470 471 711 534 cupiditate
765 471 1111 525 concumbendi,
1165 470 1238 516 sed
1287 468 1449 530 pietate

81 540 304 600 pariendi3
326 551 373 586 ut
391 542 624 588 rectissime
643 541 876 588 credantur
889 551 1055 588 coitum
1074 559 1159 587 non
1176 541 1303 586 fuisse
1322 552 1451 600 quae-

80 609 227 655 siturae
255 611 290 656 si
304 612 449 675 proles
466 625 609 676 posset
626 614 746 659 aliter
758 613 998 677 provenire.
1031 614 1087 658 Et
1108 612 1208 657 viris
1230 625 1330 656 usus
1349 605 1447 668 plu-

79 678 288 724 rimarum
305 681 504 728 vivarum
529 683 849 729 concedebatur
889 699 1072 728 uxorum
1094 701 1104 726 :
1130 685 1254 741 cujus
1275 677 1334 724 rei
1358 691 1449 719 non

79 751 477 813 concupiscentiam
505 756 646 800 carnis
664 792 675 809 ‚
712 755 784 800 sed
803 754 1124 817 providentiam
1163 743 1449 812 generationis

76 815 205 864 fuisse
228 837 402 866 causam
417 823 527 869 illud
543 825 746 881 ostendit,
773 825 892 888 quod
925 825 1036 870 sicut
1059 823 1160 869 viris
1185 820 1341 867 sanctis
1364 817 1450 862 ha-

77 888 180 935 bere
200 890 346 953 plures
369 909 516 939 uxores
542 897 662 942 vivas
679 934 690 951 ‚
727 913 816 941 non
839 896 898 941 ita
932 895 1061 940 etiam
1085 893 1243 939 sanctis
1260 888 1451 936 foeminis

77 957 238 1005 licebat
256 961 424 1009 misceri
445 965 610 1010 maritis
635 966 839 1029 pluribus
862 965 992 1019 vivis3
1018 964 1227 1028 quoniam
1248 971 1368 1006 tanto
1382 976 1451 1005 es-

78 1041 170 1076 sent
191 1034 424 1096 turpiores,
450 1047 616 1099 quanto
633 1036 767 1095 magis
792 1045 1046 1098 appeterent
1069 1033 1184 1079 unde
1208 1049 1296 1077 non
1315 1039 1454 1076 essent

75 1103 382 1151 foecundiores.
411 1106 602 1152 Proinde
625 1117 773 1152 sancta
792 1106 936 1159 Ruth,
953 1121 1055 1150 cum
1069 1121 1212 1149 semen
1230 1101 1357 1166 quale
1376 1099 1452 1145 illo

78 1183 272 1236 tempore
292 1177 578 1222 necessarium
605 1177 690 1222 fuit
710 1177 756 1221 in
794 1175 931 1220 Isra'el
950 1192 1037 1219 non
1057 1174 1256 1227 haberet,
1279 1181 1453 1216 mortuo

76 1243 170 1287 xfiro
183 1244 384 1304 quaesivit
401 1245 583 1289 alterum
598 1245 651 1289 de
661 1261 750 1307 quo
767 1244 963 1289 haberet.
990 1243 1085 1288 Hac
1100 1244 1248 1305 itaque
1266 1241 1334 1286 bis
1351 1256 1453 1285 con-

70 1314 223 1371 jugata
245 1312 343 1358 ideo
386 1315 509 1359 Anna
544 1314 715 1359 univira
751 1313 885 1359 vidua
923 1313 1091 1358 beatior
1131 1312 1233 1367 fuit,
1263 1311 1367 1374 quia
1413 1319 1456 1354 et

75 1383 351 1445 prophetissa
391 1384 555 1429 Christi
574 1401 662 1430 esse
682 1384 864 1429 meruit:
896 1400 1030 1446 quam
1070 1382 1339 1428 credendum
1369 1389 1450 1434 est,

77 1452 243 1497 etiamsi
269 1453 380 1498 filios
398 1453 541 1499 nqus
578 1454 760 1509 habuit,
788 1453 905 1516 quod
926 1453 1104 1516 quidem
1132 1453 1362 1515 Scriptura
1381 1467 1453 1495 re-

78 1522 251 1568 ticendo
282 1523 457 1587 reliquit
496 1524 730 1580 incertum,
760 1540 808 1568 eo
832 1523 989 1585 spiritu
1014 1522 1266 1585 praevidisse
1294 1521 1454 1566 Chris-

79 1605 171 1639 tum
195 1611 243 1639 ex
264 1592 429 1652 virgine
442 1594 635 1656 proxime
654 1610 740 1638 esse
754 1603 986 1638 venturum
1000 1629 1010 1648 ‚
1029 1609 1116 1655 quo
1135 1592 1281 1654 potuit
1300 1607 1455 1651 agnos—

77 1680 173 1709 cere
197 1673 239 1708 et
259 1662 517 1725 parvulum:
547 1663 661 1708 unde
679 1663 832 1707 merito
845 1663 974 1707 etiam
993 1662 1083 1707 sine
1098 1662 1196 1707 filiis
1217 1700 1228 1717 ‚
1256 1662 1290 1707 si
1310 1672 1456 1706 tamen

77 1750 147 1778 eos
171 1750 260 1778 non
277 1733 436 1778 habuit
453 1769 464 1787 ‚
496 1733 704 1778 secundas
724 1732 899 1795 nuptias
926 1732 1167 1784 recusavit3
1197 1732 1301 1795 quia
1320 1747 1456 1776 nove-

75 1814 144 1849 rat
159 1807 252 1863 jam
274 1813 445 1865 tempus
465 1818 573 1856 esse,
596 1819 684 1864 quo
720 1802 897 1847 Christo
917 1819 1005 1847 non
1045 1802 1187 1847 officio
1228 1800 1452 1864 pariendi,

75 1872 150 1919 sed
170 1872 314 1918 studio
325 1872 579 1917 continendi
591 1889 695 1931 ‚bnec
713 1872 1018 1931 conjugalibus
1046 1871 1253 1917 foetandis
1271 1870 1455 1916 visceri-

75 1942 162 1987 bus
179 1979 191 1997 ,
217 1941 292 1987 sed
310 1941 605 1987 castificandis
622 1941 873 1987 vidualibus
901 1942 1115 1995 moribus,
1142 1941 1293 1987 meiius
1318 1941 1455 1986 servi-

75 2022 209 2058 retur.
235 2011 282 2056 Si
297 2029 398 2057 vero
415 2012 545 2056 etiam
565 2011 728 2056 sciebat
747 2012 871 2056 Ruth
901 2028 978 2074 per
1001 2029 1123 2056 suam
1147 2028 1321 2056 carnem
1346 2027 1455 2073 pro-

76 2082 226 2145 pagari
244 2099 410 2136 semen,
439 2081 553 2126 unde
575 2080 779 2126 Christus
811 2097 988 2125 carnem
1016 2080 1158 2126 fuerat
1195 2081 1450 2135 habiturus,

76 2163 119 2197 et
153 2152 260 2197 huic
293 2152 484 2197 scientiae
518 2150 727 2196 nubendo
762 2151 961 2196 exhibuit
1003 2152 1288 2197 ministerium
1305 2189 1315 2205 ‚
1358 2168 1444 2196 non

78 2222 214 2268 audeo
228 2226 317 2282 jam
331 2221 473 2267 dicere
493 2221 728 2266 beatiorem
743 2221 871 2266 fuisse
887 2223 1026 2267 Annae
1046 2222 1301 2267 viduitatem
1320 2238 1449 2284 quam

77 2292 193 2338 illius
210 2292 561 2347 foecunditatem.

142 2364 202 2409 II.
237 2363 306 2407 Tu
328 2372 469 2407 autem
489 2378 590 2425 quae
609 2373 651 2407 et
674 2360 784 2406 filios
812 2362 971 2416 habes,
1000 2373 1041 2406 et
1064 2363 1109 2407 iu
1134 2380 1182 2408 eo
1201 2362 1350 2407 saeculi
1370 2361 1455 2405 fine

77 2432 206 2487 vivis,
227 2448 315 2494 quo
334 2435 426 2490 jam
450 2441 622 2493 tempus
639 2441 803 2476 estnon
822 2432 1020 2476 mittendi
1050 2432 1215 2494 lapides
1232 2468 1242 2483 ,
1267 2431 1340 2476 sed
1365 2430 1454 2476 col-

79 2499 268 2560 ligendi3
292 2517 380 2546 non
405 2499 721 2563 amplectendi,
742 2500 815 2546 sed
835 2500 1086 2547 continendi
1115 2501 1169 2546 ab
1185 2500 1385 2564 amplexu
1404 2500 1450 2552 '23

128 2584 137 2603 ¹
162 2585 260 2614 Dent.
283 2593 357 2613 xxv.
375 2600 421 2606 —
438 2581 452 2603 2
473 2583 575 2613 Eccle.
598 2594 648 2619 ui,
679 2585 710 2615 5.
