1758 3246
1726 69 1737 152 ζ,

1729 234 1732 263 1

323 303 408 337 110
725 299 760 332 s.
802 297 1044 331 AUGUSTINl
1081 299 1282 330 Episcom
1730 267 1733 315 3

310 379 493 419 currunt
509 366 662 413 similia
681 404 692 424 ,
725 383 825 429 quae
853 366 1009 429 spiritu
1036 375 1244 427 tanquam
1278 380 1477 428 corpore,
1511 381 1565 412 au
1587 383 1684 412 cor-
1730 330 1734 414 l

312 458 418 506 pore
457 450 664 501 tanquam
703 437 861 500 spiritu
892 435 1158 487 sentiuntur3
1204 434 1330 497 quale
1371 435 1558 498 putabat
1600 451 1691 483 esse
1732 426 1735 499 ξ

313 508 531 574 apostolus
559 509 731 562 Petrus,
758 505 935 568 quando
964 503 1234 548 existimabat
1270 521 1312 549 se
1346 505 1485 550 visum
1508 505 1682 562 videre,

309 589 486 644 repente
509 577 562 623 de
591 575 788 622 claustris
813 585 854 619 et
881 573 1067 619 vinculis
1083 589 1162 635 per
1186 572 1399 632 Angelum
1416 574 1649 620 fiberatus1
1671 593 1682 620 :

310 661 385 698 aut
402 651 446 696 in
464 648 568 712 ipsis
593 647 722 692 rebus
748 645 966 708 corporeis
990 644 1084 689 lene
1109 654 1290 706 putatur
1312 661 1397 689 esse
1420 644 1538 707 quod
1560 662 1687 708 aspe-

304 738 404 769 rum
430 730 518 774 est,
557 727 631 762 aut
666 715 793 761 dulce
827 714 948 777 quod
976 730 1173 759 amarum
1202 724 1292 771 est,
1325 725 1399 760 aut
1435 715 1545 761 bene
1576 715 1688 763 olere

305 791 426 856 quod
460 787 668 852 putidum
702 796 782 841 est,
820 797 894 830 aut
927 795 1073 829 tonare
1110 801 1211 829 cum
1234 784 1372 831 rheda
1395 786 1571 842 transit,
1615 799 1690 832 aut

309 861 435 906 illum
463 873 550 902 esse
571 855 795 901 hominem
814 871 914 900 cum
941 854 1046 898 alius
1066 854 1136 907 sit,
1164 854 1341 916 quando
1369 854 1457 900 duo
1483 855 1690 902 simillimi

307 930 392 975 sibi
411 937 528 984 sunt,
550 925 671 990 quod
691 925 737 970 in
764 924 943 984 geminis
962 939 1076 985 saepe
1101 923 1344 983 contingit3
1368 924 1483 970 unde
1508 925 1567 970 ait
1584 925 1653 971 ille
1674 943 1685 970 ε
1738 970 1740 976 ,

535 1086 764 1097 .......
791 1063 976 1102 Gratusque
994 1059 1177 1101 parentibus
1193 1058 1313 1091 error2.

308 1192 350 1226 et
368 1189 524 1225 caetera
541 1175 644 1222 talia
655 1173 784 1220 etiam
797 1182 979 1236 peccata
993 1169 1180 1216 dicenda
1194 1170 1293 1217 sint.
1312 1171 1402 1217 Nec
1419 1175 1602 1236 quaestio
1615 1193 1692 1222 no·

311 1248 552 1302 dosissima,
582 1261 682 1309 quae
710 1243 908 1288 homines
936 1240 1201 1286 acutissimos
1232 1241 1514 1289 Academicos
1543 1247 1688 1304 torsit,
1740 1254 1743 1295 ξ

310 1335 430 1366 nunc
443 1316 555 1362 mihi
569 1312 797 1360 enodanda
812 1321 1011 1374 suscepta
1023 1320 1101 1365 est,
1118 1320 1266 1355 utrum
1280 1310 1444 1374 aliquid
1461 1313 1616 1360 debeat
1629 1333 1692 1361 sa·
1740 1329 1743 1358 ,2

310 1390 433 1453 piens
447 1385 709 1450 approbare,
723 1399 777 1427 ne
788 1380 955 1427 incidat
970 1380 1018 1426 in'
1036 1396 1240 1434 errorem,
1255 1379 1290 1424 si
1311 1398 1392 1444 pro
1407 1383 1518 1428 veris
1535 1402 1692 1448 appro-
1748 1433 1750 1438 Α

310 1457 480 1504 baverit
492 1455 614 1510 falsa,
633 1469 733 1498 cum
755 1450 899 1496 omnia
917 1450 1048 1512 (sicut
1066 1448 1296 1510 affirmant)
1316 1450 1384 1496 vel
1401 1453 1572 1499 occulta
1586 1455 1688 1513 sint,

311 1528 379 1575 vel
391 1522 704 1573 incerta.Unde
723 1521 806 1566 tria
822 1518 1221 1565 confecivolumina
1240 1519 1287 1564 in
1297 1520 1421 1566 initio
1444 1525 1693 1570 conversio-
1743 1533 1746 1548 ²

312 1599 377 1644 nis
391 1610 576 1651 meae‚ne
593 1591 906 1655 impedimento
924 1589 1051 1634 nobis
1065 1598 1219 1644 essent,
1241 1605 1342 1652 quae
1353 1600 1560 1654 tanquam
1573 1593 1618 1639 in
1630 1611 1694 1639 os-

311 1668 374 1712 tio
386 1661 760 1712 contradicebant.
770 1661 827 1705 Et
841 1659 991 1723 utique
1000 1657 1139 1703 fuerat
1150 1659 1411 1705 removenda
1422 1660 1694 1709 inveniendae

311 1735 554 1801 desperatio
573 1731 783 1787 veritam,
801 1747 899 1794 quae
915 1727 1090 1775 illorum
1116 1728 1287 1775 videtur
1307 1735 1693 1791 argumentationi-

312 1810 395 1855 bus
409 1804 622 1853 roborari.
636 1802 768 1866 Apud
781 1801 876 1847 illos
889 1817 988 1860 ergo
1003 1816 1122 1844 error
1135 1799 1273 1845 omnis
1283 1812 1465 1863 putatur
1484 1821 1570 1850 esse
1584 1825 1693 1870 pec—

311 1889 476 1934 catum,
503 1873 622 1939 quod
647 1872 776 1920 vitari
796 1888 885 1916 non
896 1886 1019 1933 posse
1035 1869 1322 1926 contendunt,
1339 1871 1422 1917 nisi
1440 1876 1580 1921 omnis
1596 1895 1693 1924 sus—
1745 1879 1747 1885 '

311 1948 530 2014 pendatur
557 1943 756 1989 assensio.
793 1943 947 1986 Errare
976 1940 1143 2003 quippe
1176 1939 1331 1985 dicunt
1363 1958 1463 1987 eum
1500 1946 1694 2010 quisquis
1746 1988 1749 2008 ξ

313 2018 540 2066 assentitur
561 2013 735 2060 incertis
756 2029 767 2056 ι
795 2010 994 2073 nihilque
1018 2019 1187 2054 certum
1205 2026 1290 2055 esse
1307 2010 1354 2056 in
1373 2011 1602 2061 hominum
1631 2018 1694 2063 vi·
1746 2016 1749 2022 ’

313 2090 385 2145 sis,
411 2097 592 2152 propter
614 2082 894 2128 indiscretam
911 2079 1239 2125 similitudinem
1253 2079 1366 2137 falsi,
1390 2083 1555 2130 etiamsi
1573 2087 1694 2150 quod
1746 2072 1750 2115 ἶ

315 2158 504 2212 videtur,
531 2155 641 2200 forte
666 2152 720 2197 sit
741 2167 908 2206 verum,
930 2149 1185 2195 acutissimis
1217 2149 1414 2212 quidem,
1441 2153 1515 2199 sed
1541 2155 1694 2220 impu-

317 2225 575 2276 dentissimis
592 2220 991 2269 conflictationibus
1012 2219 1253 2282 disputant.
1278 2220 1409 2283 Apud
1422 2238 1499 2268 nos
1517 2236 1659 2272 autem
1678 2244 1689 2272 τ

316 2322 337 2343 «
359 2301 383 2344 J
389 2309 508 2345 ustus
527 2313 574 2341 ex
592 2294 678 2340 fide
698 2292 848 2338 vivit-³.
870 2313 890 2331 n
918 2293 973 2336 At
989 2290 1023 2335 si
1045 2289 1225 2334 tollatur
1248 2293 1452 2350 assensfo,
1479 2294 1585 2341 fides
1604 2297 1693 2344 tol-
1748 2306 1758 2344 53

314 2371 436 2425 litur‚
463 2367 566 2432 quia
588 2365 677 2410 sine
711 2361 948 2407 assensione
984 2359 1098 2404 nihil
1121 2359 1328 2407 creditur.
1370 2363 1425 2406 Et
1456 2375 1555 2410 sunt
1595 2384 1693 2414 vera
1748 2358 1758 2430 l!

316 2439 512 2506 quamvis
544 2451 634 2480 non
659 2431 889 2478 videantur
909 2466 922 2487 ,
957 2446 1056 2492 quae
1087 2428 1168 2474 nisi
1192 2429 1449 2490 credantur,
1480 2435 1535 2481 ad
1558 2437 1694 2483 vitam
1748 2431 1758 2483 l

318 2512 506 2564 beatam,
531 2521 630 2570 quae
651 2519 740 2549 non
767 2501 849 2547 nisi
874 2510 1034 2546 aeterna
1056 2510 1136 2556 est,
1174 2516 1263 2544 non
1284 2512 1426 2564 potest
1454 2507 1686 2568 perveniri,

369 2603 380 2627 ι
397 2605 540 2638 Act.x11,
554 2609 639 2640 9.—
653 2594 670 2618 ²
685 2594 801 2637 virgil.
819 2592 941 2625 AEneid.
959 2603 992 2632 x,
1008 2594 1086 2634 392·
1101 2607 1140 2613 -
1155 2589 1169 2615 3
1190 2593 1309 2627 Habae.
1327 2605 1363 2640 11,
1383 2602 1420 2636 4,
1440 2606 1471 2630 et
1489 2601 1584 2634 Rom.
1600 2612 1623 2641 1,
1641 2614 1692 2646 ¹7·
