1758 3246
75 358 372 390 ENCHIRIDtON
411 361 464 389 DE
498 360 617 399 rme,
647 360 721 389 εΡΕ
758 361 809 389 ET
846 362 1115 402 CHARHATE,
1151 365 1237 395 mn.
1281 365 1313 395 1.
1363 350 1446 396 163

73 433 136 468 est
163 441 173 467 :
205 444 223 464 «
247 424 286 469 O
308 423 440 467 homo
456 459 466 477 ‚
486 434 533 468 tu
559 424 655 485 quis
670 426 740 468 es?
763 446 782 463 »
812 425 865 468 Et
890 425 935 469 in
957 424 1117 470 talibus
1135 428 1450 488 quaestionibus

74 491 127 536 ad
165 510 253 537 suae
292 493 543 555 capacitatis
585 493 971 538 considerationem
1015 506 1188 540 revocat
1226 496 1450 543 hominem

71 561 203 605 verbo
225 561 399 623 quidem
419 561 559 618 brevi,
582 562 655 608 sed
675 580 720 608 rc
738 563 832 626 ipsa
849 581 1004 623 magna
1021 575 1082 608 est
1105 563 1291 610 redditio
1311 568 1449 612 ratio-

70 630 148 676 nis.
172 630 217 674 Si
236 631 349 675 enim
371 631 468 676 haec
487 649 574 677 non
601 634 737 696 capit,
759 633 855 696 quis
879 645 941 678 est
958 634 1034 697 qui
1050 632 1309 697 respondeat
1328 636 1451 683 Deo?

71 699 116 744 Si
134 710 273 745 autem
294 701 431 764 capit,
464 703 598 762 magis
625 720 712 748 non
737 704 901 748 invenit
925 704 1033 768 quid
1063 703 1337 767 respondeat.
1371 706 1450 750 Vi-

68 755 142 813 det
156 771 290 825 enim,
316 772 349 815 si
374 771 510 834 capit,
541 773 794 818 universum
816 791 947 832 genus
970 774 1215 819 humanum
1235 785 1321 819 tam
1334 778 1453 834 J'usto

60 839 229 897 judicio
253 840 401 885 divino
431 842 475 886 in
500 845 737 905 apostatica
756 843 903 889 radice
927 843 1202 906 damnatum,
1226 856 1273 889 ut
1286 846 1454 890 etiamsi

67 907 323 955 nullusinde
344 909 619 968 liberaretur,
643 930 769 958 nemo
793 924 907 958 recte
931 924 1074 977 posset
1101 902 1178 958 Dei
1203 915 1452 976 vituperare

58 979 273 1036 justitiam
298 996 309 1018 t
331 991 374 1025 et
393 982 468 1043 qui
489 980 749 1038 liberantur,
778 984 837 1028 sie
853 983 1095 1045 oportuisse
1115 982 1308 1038 liberari,
1334 995 1382 1028 ut
1407 1001 1455 1030 ex

79 1046 266 1094 ‘Iuribus
304 1067 391 1095 non
421 1051 639 1108 liberatis,
674 1064 804 1113 atque
834 1055 880 1096 in
914 1051 1192 1096 damnatione
1216 1054 1452 1112 justissima

60 1064 291 1173 derelictis,
321 1119 620 1165 ostenderetur
643 1120 750 1181 quid
779 1121 1000 1165 meruisset
1018 1121 1217 1166 universa
1237 1139 1450 1186 conspar-

54 1183 141 1254 sio,
173 1198 216 1232 et.
246 1205 334 1250 quo
369 1188 497 1232 etiam
524 1187 627 1232 istos
667 1188 863 1234 debitum
889 1189 1108 1249 judicium
1138 1191 1216 1236 Dei
1244 1191 1445 1250 duceret,

61 1258 139 1302 nisi
171 1258 230 1302 eis
252 1257 449 1303 indebita
482 1258 775 1304 misericordia
814 1260 1098 1305 subveniret:
1126 1272 1174 1305 ut
1209 1261 1451 1310 volentium

55 1319 112 1371 'de
144 1328 231 1372 suis
258 1327 420 1372 meritis
452 1327 626 1386 gloriari
669 1329 856 1374 «Omne
887 1346 934 1374 os
975 1330 1230 1376 obstruatur
1241 1351 1252 1384 ;
1299 1343 1341 1377 et
1372 1335 1449 1396 qui

58 1402 82 1437 3>
104 1395 329 1455 gloriatur,
356 1397 402 1441 in
429 1395 618 1441 Domino
650 1397 906 1456 glorietur'l.
934 1422 953 1438 υ

121 1461 280 1513 XXVI.
323 1467 431 1511 Haec
455 1477 558 1511 sunt
592 1489 613 1508 α
641 1468 798 1526 Magna
831 1485 964 1530 opera
996 1461 1202 1524 Domini,
1235 1471 1444 1535 exquisita

59 1557 78 1576 »
95 1536 140 1581 in
161 1551 309 1581 omnes
324 1535 569 1581 voluntates
589 1537 710 1594 eJus'2
737 1554 747 1580 ι
771 1560 790 1577 »
810 1547 852 1580 et
872 1547 960 1581 tam
977 1537 1192 1599 sapienter
1215 1541 1442 1602 exquisita,

0 1620 1 1624 ’
59 1610 108 1650 ut
130 1623 232 1651 cum
257 1605 449 1665 angelica
472 1615 514 1650 et
537 1606 730 1651 humana
764 1618 961 1652 creatura
992 1616 1236 1669 peccasset,
1271 1609 1316 1656 id
1344 1621 1436 1668 est,

56 1694 144 1721 non
168 1675 286 1739 quod
310 1675 383 1721 ille
401 1713 411 1731 ,
441 1675 515 1720 sed
543 1676 663 1738 quod
697 1676 837 1721 voluit
861 1677 954 1739 ipsa
983 1677 1182 1732 fecisset,
1211 1679 1340 1724 etiam
1364 1699 1444 1744 per

56 1746 250 1791 eamdem
290 1757 502 1791 creaturae
542 1745 840 1801 voluntatem,
882 1763 969 1809 qua
1016 1745 1182 1792 factum
1215 1760 1277 1794 est
1319 1752 1441 1813 quod

57 1816 234 1861 Creator
253 1810 424 1869 noluit,
451 1815 654 1878 impleret
682 1816 774 1879 ipse
796 1816 916 1879 quod
946 1815 1113 1861 voluitss
1140 1835 1150 1861 ε
1180 1818 1291 1864 bene
1316 1831 1439 1867 utens

54 1888 97 1931 'et
134 1885 282 1939 malis,
315 1897 523 1948 tanquam
559 1903 726 1930 summe
757 1886 928 1941 honus,
975 1886 1029 1931 ad
1061 1903 1211 1932 eorum
1248 1888 1436 1937 damna-

56 1948 212 2017 tionem
236 1972 345 2018 quos
361 1959 475 2015 juste
491 1956 822 2019 praedestinavit
842 1957 894 2002 ad
916 1974 1093 2020 poenam
1113 1995 1124 2012 ‚
1149 1968 1190 2002 ct
1209 1958 1435 2037 adsqorum

55 2020 231 2070 salutem
255 2041 363 2087 quos
390 2027 575 2082 benigne
605 2026 936 2086 praedestinavit
961 2027 1016 2071 ad
1041 2028 1239 2084 gratiam.
1275 2024 1434 2084 Quan-

55 2094 143 2141 t‘um
167 2094 282 2138 enim
303 2092 354 2138 ad
377 2094 492 2156 ipsos
517 2094 670 2138 attinet
690 2132 700 2148 ,
724 2094 846 2157 quod
879 2096 994 2139 Deus
1029 2095 1170 2140 noluit
1196 2093 1391 2146 'fecerunt
1418 2121 1431 2148 z

51 2173 263 2230 quantum
299 2181 398 2207 vero
431 2163 485 2208 ad
520 2165 880 2227 omnipotentiam
912 2164 1016 2220 Dei,
1060 2165 1178 2210 nullo
1218 2169 1347 2215 modo
1384 2173 1429 2218 id

21 2232 217 2297 [efficere
235 2233 478 2280 valuerunt.
500 2232 612 2279 'Hoc
637 2236 805 2298 quippe
832 2235 925 2297 ipso
947 2235 1064 2298 quod
1088 2247 1239 2283 contra
1265 2240 1428 2288 volun-

42 2304 182 2351 ''tatem
210 2304 406 2350 fecerunt
443 2309 560 2365 ejus,
599 2304 652 2350 de
688 2306 791 2368 ipsis
823 2305 937 2350 facta
976 2317 1040 2351 est
1083 2306 1282 2353 voluntas
1319 2318 1423 2373 ejus,

0 2415 2 2423 ,
44 2364 286 2440 ¹Propterea
313 2391 499 2438 namque
533 2396 552 2416 (ε
578 2378 737 2434 Magna
764 2392 894 2437 opera
925 2375 1122 2431 Domini,
1153 2380 1359 2441 exquisita
1384 2386 1427 2431 in

0 2447 1 2450 ’
35 2443 239 2491 ⁴»omnes
271 2445 513 2490 voluntates
545 2449 635 2504 ejus
663 2462 673 2489 :
710 2468 730 2486 >2
769 2456 817 2490 ut
847 2447 957 2491 miro
993 2458 1034 2491 et
1059 2446 1266 2493 ineffabili
1297 2455 1429 2502 modo

0 2567 2 2578 y
36 2506 140 2579 {non
158 2518 234 2562 fiat
251 2527 414 2578 praeter
435 2519 527 2574 ejus
552 2514 845 2571 voluntatem,
871 2515 991 2580 quod
1009 2517 1137 2562 etiam
1166 2530 1318 2566 contra
1337 2529 1431 2585 ejus

101 2612 110 2631 ¹
133 2613 223 2641 Rom.
241 2621 296 2650 111,
324 2623 373 2650 19,
391 2617 421 2641 et
444 2622 456 2640 ι
475 2613 548 2642 Cor.
574 2622 595 2647 ι,
619 2612 674 2644 31.
696 2626 738 2634 -ν
757 2609 772 2631 ²
790 2612 869 2642 Psal.
889 2622 939 2647 c»,
973 2621 1004 2642 2.
1020 2626 1066 2632 —
1083 2608 1097 2631 3
1123 2612 1206 2643 Vnde
1222 2613 1277 2645 tib.
1299 2628 1365 2654 nv,
1391 2623 1432 2656 de

0 2666 3 2690 ἱ
54 2663 143 2694 civit.
163 2663 235 2697 Dei,
254 2674 280 2694 c.
301 2675 354 2701 27-

1224 2737 1291 2767 11.
