1758 3246
339 352 392 381 nn
430 352 528 381 FmE
564 353 617 382 ET
653 354 879 384 smissoto.
920 354 1005 383 ΜΒ.
1050 356 1079 386 1.
1350 342 1402 395 41

39 434 119 473 ras,
146 426 290 460 utrum
317 431 426 477 aqua
444 416 580 478 possit
608 417 653 462 in
689 424 830 462 aerem
852 437 862 470 ς
885 434 1024 480 neque
1052 419 1139 464 hoc
1170 419 1409 465 absurdum

38 503 121 530 esse
146 483 391 547 respondet,
422 484 564 530 vicina
581 486 694 531 enim
713 497 812 531 sunt
835 486 931 532 sibi.
959 488 1014 531 Et
1033 487 1086 532 de
1109 495 1206 533 aere
1225 489 1258 532 si
1281 506 1407 551 qute-

37 565 172 609 ratur,
205 564 349 598 utrum
377 555 422 599 in
445 555 679 601 aethereum
705 573 883 619 corpus,
920 557 964 602 id
985 568 1063 613 est,
1085 557 1258 603 coeleste
1276 558 1411 620 possit

37 623 224 676 mutari3
258 627 349 682 jam
382 624 477 687 ipsa
509 624 707 671 vicinitas
742 625 987 688 persuadet.
1036 627 1168 683 Quod
1208 644 1309 685 ergo
1334 643 1411 689 per

38 695 115 739 hos
141 693 297 752 gradus
321 694 411 738 fieri
434 711 555 756 posse
572 696 788 751 concedit,
817 706 865 740 ut
889 706 1000 741 terra
1019 696 1063 741 in
1084 713 1243 759 corpus
1267 696 1408 741 aethe-

37 780 152 808 reum
191 774 483 820 convertatur,
529 780 606 809 cur
654 782 740 810 non
783 765 1013 810 accedente
1051 766 1131 811 Dei
1165 765 1404 820 voluntate,

36 851 121 897 qua
142 850 299 895 corpus
327 833 569 879 humanum
593 852 724 898 supra
748 851 878 897 aquas
897 836 1044 898 potuit
1063 835 1306 892 ambulare,
1336 851 1411 880 ce*

35 903 204 948 lerrime
228 903 273 947 id
301 904 391 948 fieri
416 921 556 966 posse„
593 905 965 967 quemadmodum
996 906 1165 951 dictum
1193 916 1252 950 est
1276 923 1285 950 :
1316 926 1336 945 «
1358 906 1409 949 In

38 994 57 1013 »
80 972 170 1017 ictu
195 972 309 1017 oculi
326 972 358 1029 ¹,
380 994 400 1013 2>
425 974 513 1018 sine
534 973 630 1018 ullis
665 974 822 1020 talibus
854 975 1060 1034 gradibus
1098 975 1235 1020 credit
1256 1012 1267 1031 ,
1299 975 1411 1019 sicut

37 1042 290 1105 plerumque
313 1043 459 1088 fumus
490 1045 531 1088 in
567 1045 785 1090 flammam
816 1047 926 1091 mira
954 1046 1167 1091 celeritate
1190 1045 1412 1091 converti-

39 1123 108 1157 tur
120 1115 137 1156 ἱ)
168 1114 278 1157 Caro
303 1114 415 1158 enim
451 1125 592 1158 nostra
625 1115 772 1176 utique
809 1134 855 1159 ex
888 1126 999 1160 terra
1023 1127 1083 1160 est
1112 1133 1122 1160 ε
1152 1114 1409 1177 philosophi

38 1192 195 1231 autemq
235 1200 420 1245 quorum
451 1186 711 1243 argumentis
737 1185 893 1245 saepius
931 1184 1230 1228 resurrectioni
1269 1183 1411 1227 carnis

37 1252 261 1309 resistitur,
298 1254 458 1316 quibus
483 1264 675 1298 asserunt
707 1253 876 1298 nullum
911 1270 998 1298 esse
1032 1270 1155 1316 posse
1193 1264 1407 1296 terrenum

38 1337 196 1385 corpus
218 1325 262 1369 in
285 1325 416 1380 coelo,
449 1323 679 1386 quodlibet
710 1341 867 1386 corpus
893 1323 938 1368 in
970 1340 1095 1367 omne
1115 1339 1274 1385 corpus
1307 1337 1408 1366 con-

37 1394 143 1437 verti
163 1405 204 1438 ct
227 1395 385 1439 mutari
404 1411 524 1457 posse
549 1393 809 1438 concedunt.
849 1393 948 1448 Qua
966 1394 1160 1455 corporis
1189 1408 1408 1436 resurrec-

39 1462 152 1508 tione
178 1464 289 1510 facta
324 1484 345 1509 a
382 1465 587 1527 temporis
627 1464 876 1508 conditione
899 1462 1089 1519 liberati,
1127 1473 1287 1508 {eterna
1320 1462 1408 1507 vita

37 1531 242 1579 ineffabili
264 1536 475 1580 charitate
496 1546 621 1598 atque
646 1534 880 1580 stabilitate
904 1533 992 1578 sine
1017 1533 1296 1596 corruptione
1318 1549 1411 1594 per-

37 1601 244 1651 fruemur.
271 1606 395 1651 Tunc
415 1606 527 1650 enim
556 1607 629 1650 fiet
646 1604 753 1649 illud
779 1603 898 1666 quod
917 1604 1128 1666 scriptum
1154 1614 1215 1648 est
1237 1621 1248 1647 z
1273 1624 1293 1644 «
1314 1603 1409 1646 Ab-

40 1693 60 1713 »
85 1686 230 1738 sorpta
259 1686 320 1721 est
349 1694 463 1721 mors
488 1677 533 1720 in
564 1675 804 1720 victoriam.
846 1674 933 1718 Ubi
957 1684 1036 1730 est,
1066 1690 1209 1729 mors,
1238 1671 1411 1717 aculeus

40 1768 60 1787 >2
82 1752 210 1794 tuus?
233 1749 311 1793 ubi
331 1760 408 1804 est,
432 1765 562 1803 mors,
585 1748 804 1793 contentio
833 1746 964 1791 tua2'?
986 1768 1004 1786 >³

103 1819 240 1864 XXV.
282 1819 389 1864 Haec
423 1829 485 1863 est
519 1818 626 1863 fides
654 1834 753 1880 quae
789 1816 942 1879 paucis
972 1815 1115 1861 verbis
1155 1814 1333 1859 tenenda
1368 1813 1413 1858 in

41 1888 251 1949 Symbolo
284 1888 463 1934 novellis
497 1887 754 1933 (fllnristianis
792 1886 934 1931 datur.
972 1886 1084 1941 Quae
1106 1901 1248 1947 pauca
1277 1883 1410 1928 verba

40 1957 239 2003 fidelibus
256 1969 356 2004 nota
376 1969 492 2014 sunt,
513 1969 561 2003 ut
584 1956 798 2003 credendo
819 1957 1106 2016 stlbjUgeiitur
1129 1956 1237 2010 Deo,
1261 1953 1411 2011 subju-

40 2029 126 2087 gati
164 2040 277 2074 recte
310 2029 479 2085 vivant,
515 2039 628 2073 recte
661 2026 846 2074 vivendo
880 2043 954 2071 cor
994 2024 1237 2080 mundent,
1277 2022 1409 2068 corde

41 2098 246 2144 mundato
268 2099 386 2161 quod
405 2098 589 2144 credunt
611 2097 866 2157 intelligant.

89 2187 99 2208 ¹
122 2199 133 2217 ι
157 2189 230 2221 Cor.
252 2184 553 2225 xv‚52.-21}›id
583 2187 636 2220 54.
