1758 3246
399 316 454 347 DE
492 315 614 346 BONO
651 315 919 356 CONJ1·GAL1,
958 315 1046 347 Lm.
1087 317 1118 349 1.
1355 303 1446 366 240

5 430 7 443 1
71 385 282 448 scriptum
306 394 390 430 est:
414 404 434 424 α
449 383 633 446 Implete
660 393 835 438 terram,
857 394 899 428 et
921 382 1205 429 dominamini
1224 387 1333 445 ejus,
1355 407 1377 426 η
1400 386 1447 432 id

5 464 7 473 '
70 465 149 510 est,
168 466 216 500 ut
233 452 501 518 plenitudiue
520 463 560 497 et
575 453 838 516 perfectione
859 454 961 499 vitae
985 470 1034 498 ac
1050 455 1278 517 potestatis
1298 455 1343 500 id
1364 457 1445 501 fie-

4 535 6 555 2
70 535 151 580 ret,
170 525 382 587 ut'ipsum
417 539 592 585 quoque
609 523 925 568 incrementum
950 533 992 569 et
1011 523 1321 586 multiplicatio
1355 542 1442 588 qua

68 595 235 640 dictum
263 604 348 638 est:
388 614 409 634 «
443 592 651 648 Crescite,
687 603 728 638 et
763 592 1149 656 multiplicamini,
1171 613 1192 633 ³>
1229 604 1443 655 provectu

2 721 5 730 ³
66 665 221 709 mentis
239 663 418 726 etcopia
439 663 611 708 virtutis
629 662 911 722 intelligatur,
943 663 1114 708 sicutin
1125 661 1298 707 Psalmo
1321 662 1444 725 posi-

2 744 5 774 4
65 742 160 778 tum
177 743 262 778 est:
283 753 303 773 «
316 731 634 794 Multiplicabis
652 750 720 778 me
736 733 782 777 in
802 733 943 777 anima
962 749 1058 777 mea
1080 731 1241 776 virtute
1256 730 1275 760 1
1292 750 1305 784 ;
1326 752 1346 772 >›
1365 748 1445 776 nec

61 802 160 847 data
194 802 247 847 sit
286 802 456 847 homini
479 802 614 863 prolis
656 803 736 847 ista
773 802 1002 857 successio,
1040 800 1123 846 nisi
1161 810 1447 864 posteaquam

68 889 198 916 causa
220 871 391 934 peccati
415 870 562 915 futura
582 881 672 916 erat
694 871 740 916 in
758 881 897 916 morte
932 870 1120 916 decessio
1143 888 1153 914 :
1182 871 1269 915 sive
1287 887 1447 933 corpus

68 957 156 984 non
182 940 373 1002 spiritale
390 939 472 984 illis
508 940 781 996 hominibus,
808 940 881 985 sed
899 941 1042 1003 primo
1064 940 1246 985 animale
1281 940 1447 985 factum

0 1043 1 1046 ,
59 1021 177 1054 erat:
201 1021 248 1054 ut
274 1010 533 1055 obedientiae
553 1011 702 1055 merito
724 1021 869 1073 postea
889 1013 1008 1056 fieret
1031 1010 1245 1073 spiritale,
1279 1010 1333 1056 ad
1353 1011 1440 1056 im-

0 1076 1 1079 *
63 1078 371 1123 mortalitatem
396 1079 723 1142 capessendam,
753 1097 840 1125 non
855 1091 956 1142 post
978 1090 1179 1135 mortem,
1206 1097 1306 1142 quae
1327 1080 1446 1124 invi—

59 1147 130 1192 dia
155 1147 321 1194 diaboli
344 1148 523 1193 intravit
546 1150 590 1193 in
608 1149 759 1193 orbem
781 1159 988 1194 terrarum
1008 1185 1019 1204 ,
1048 1159 1090 1193 et
1111 1149 1226 1193 facta
1239 1159 1301 1193 est
1312 1165 1448 1211 poena

59 1217 229 1279 peccati
251 1217 294 1270 2;
322 1217 393 1262 sed
418 1217 634 1280 perillam
664 1219 1052 1263 commutationem
1077 1234 1209 1280 quam
1228 1218 1445 1276 significat

60 1286 316 1349 Apostolus,
340 1287 417 1331 ubi
445 1288 527 1332 ait:
560 1308 578 1327 «
604 1287 772 1333 Deinde
790 1305 869 1332 nos
891 1288 1084 1332 viventes
1107 1287 1185 1349 qui
1203 1286 1359 1348 reliqui
1378 1302 1446 1331 su-

58 1376 79 1396 »
105 1372 219 1405 mus,
261 1355 389 1401 simul
424 1355 626 1400 cumillis
647 1357 871 1418 rapiemur
901 1356 946 1400 in
979 1355 1173 1401 nubibus
1198 1355 1243 1400 in
1268 1355 1445 1400 obviam

63 1425 278 1470 »Christo
311 1425 357 1470 in
392 1431 491 1470 aera
510 1425 527 1453 ³
548 1443 559 1469 ε
577 1447 596 1466 >>
621 1435 669 1471 ut
691 1426 765 1471 illa
794 1443 978 1489 corpora
1008 1425 1141 1488 primi
1173 1425 1366 1485 conjugii
1403 1436 1445 1470 et

59 1494 262 1540 mortalia
281 1494 414 1540 fuisse
432 1494 723 1554 intelligamus
747 1495 890 1558 prima
924 1494 1284 1550 conformatione,
1314 1505 1356 1539 et
1375 1505 1446 1539 ta-

67 1581 167 1609 men
202 1581 290 1609 non
325 1565 538 1609 moritura
567 1565 650 1610 nisi
683 1575 951 1628 peccassent,
987 1565 1099 1610 sicut
1137 1564 1326 1609 minatus
1356 1575 1446 1609 erat

72 1635 211 1679 Deus:
239 1644 446 1697 tanquam
481 1635 514 1679 si
548 1635 706 1680 vulnus
748 1635 1005 1689 minaretur,
1038 1634 1140 1697 quia
1177 1634 1445 1679 vulnerabile

62 1720 223 1766 corpus
237 1715 351 1748 erat:
368 1703 488 1767 quod
510 1715 655 1749 tamen
676 1721 764 1749 non
786 1704 1033 1760 accidisset,
1060 1703 1142 1748 nisi
1172 1704 1292 1748 fieret
1324 1703 1444 1766 quod

69 1772 140 1818 ille
154 1774 369 1819 vetuisset.
399 1775 464 1819 Ita
492 1791 592 1833 ergo
614 1784 789 1836 possent
807 1773 936 1818 etiam
960 1790 1040 1836 per
1061 1773 1349 1818 concubitum
1371 1784 1443 1818 ta-

53 1842 167 1888 lium
192 1860 426 1906 corporum
464 1844 756 1903 generationes
793 1844 1039 1897 subsistere,
1079 1860 1180 1906 quae
1218 1860 1352 1907 usque
1387 1843 1442 1888 ad

60 1922 225 1957 certum
255 1913 436 1958 modum
453 1950 464 1969 ,
489 1914 702 1959 haberent
735 1914 1077 1968 incrementum,
1119 1930 1198 1958 nec
1218 1923 1442 1972 vergerent

58 1991 200 2027 tamen
223 1983 269 2027 in
292 1983 484 2036 senium
512 1994 585 2029 aut
622 2001 760 2047 usque
783 1985 830 2029 in
861 1984 1052 2039 senium,
1080 1999 1162 2028 nec
1201 1992 1347 2027 tamen
1390 1983 1436 2027 in

52 2062 264 2106 mortem,
296 2053 436 2098 donec
471 2053 546 2098 illa
572 2054 888 2099 benedictionis
925 2053 1298 2116 multiplicatione
1329 2063 1442 2099 terra

52 2121 317 2183 impleretur.
350 2123 395 2166 Si
419 2123 534 2167 enim
561 2123 753 2168 vestibus
779 2122 1081 2167 Isra’e'litarum
1097 2123 1307 2184 praestitit
1325 2124 1443 2168 Deus

51 2207 130 2252 per
151 2208 281 2235 annos
292 2191 580 2254 quadraginta
599 2192 687 2237 sine
709 2191 798 2237 ullo
815 2191 1075 2236 detrimento
1094 2192 1327 2254 proprium
1350 2202 1441 2237 sta-

52 2270 142 2304 tum
159 2259 206 2304 A:
246 2271 410 2322 quanto
451 2261 585 2320 magis
602 2271 828 2324 praestaret
859 2261 1121 2324 corporibus
1140 2260 1438 2306 obedientium

52 2340 275 2391 praeeepto
320 2347 397 2376 suo
439 2330 735 2376 felicissimum
783 2330 1015 2394 quoddam
1051 2341 1447 2394 temperamentum

55 2398 158 2443 certi
191 2408 323 2443 status
345 2436 356 2455 ,
383 2400 521 2446 donec
552 2402 597 2447 in
623 2400 777 2446 melius
804 2410 1178 2456 converterentur,
1197 2417 1286 2445 non
1304 2410 1443 2446 morte

53 2466 250 2512 hominis
274 2485 359 2530 qua
382 2486 540 2532 corpus
561 2471 615 2516 ab
639 2471 782 2516 anima
802 2470 1031 2527 deseritur,
1071 2469 1144 2515 sed
1162 2470 1291 2514 beata
1317 2485 1441 2515 com-

104 2558 212 2591 ¹Psat.
235 2567 378 2594 cxxun,
409 2560 443 2601 5,
470 2562 560 2603 juxta
594 2572 670 2593 Lxx.
697 2560 773 2587 ...2
790 2564 864 2605 Sap.
892 2574 932 2600 11,
961 2568 1018 2598 24.
1045 2578 1089 2585 —
1106 2557 1121 2582 3
1146 2571 1158 2590 t
1181 2559 1290 2592 Thess.
1313 2570 1361 2603 xv,
1386 2558 1438 2592 16·

58 2627 101 2633 —
119 2608 132 2632 ⁴
157 2613 251 2643 Deut.
272 2621 372 2649 xxix,
400 2612 432 2643 5.
