1758 3246
356 312 414 341 m:
448 310 548 341 Fini:
584 311 635 340 ET
671 309 910 350 OPERIBUS‚
950 311 1036 341 Lm.
1078 313 1110 342 1.
1378 298 1438 346 53

62 377 230 430 denda;
255 374 379 439 quasi
401 374 565 438 aliquas
578 374 887 438 Apostolorum
907 375 1122 437 Epistolas
1144 376 1286 436 legant
1301 377 1356 424 ad
1370 396 1440 425 eos

61 447 140 511 qui
163 444 416 508 baptizandi
442 456 540 490 sunt
573 445 718 499 datas,
755 445 833 490 ubi
874 445 927 490 de
955 445 1043 490 sola
1067 445 1152 490 fide
1183 447 1438 510 disputave-

63 527 191 569 runt3
225 526 268 560 et
288 515 388 560 alias
413 515 466 560 ad
503 516 772 579 baptizatos,
802 516 966 579 quibus
992 527 1217 579 praecepta
1243 518 1296 563 de
1315 520 1437 565 malis

59 585 261 632 cavendis
272 586 485 649 bonisque
502 586 778 633 instituendis
799 587 994 631 moribus
1006 587 1300 634 continentur.
1321 589 1436 635 Cum

58 654 192 714 igitur
211 672 280 700 eos
319 654 372 700 ad
403 655 676 701 Christianos
694 661 786 715 jam
810 657 1051 719 baptizatos
1088 656 1256 702 dedisse
1275 657 1437 704 litteras

59 735 225 771 constet
242 762 253 782 ‚
293 742 372 771 cur
392 735 581 789 utroque
601 744 795 772 sermone
820 738 1031 773 contextae
1051 738 1151 771 sunt
1164 764 1175 782 ,
1198 737 1240 772 et
1253 744 1302 772 eo
1322 728 1436 773 scili·

57 806 128 842 cet
139 795 217 860 qui
253 795 306 841 ad
325 795 476 852 fidem,
502 807 543 841 et
567 814 616 842 eo
627 798 704 860 qui
730 798 783 842 ad
801 797 935 844 vitam
950 798 1114 843 bonam
1129 797 1319 860 pertinet
1335 800 1354 843 Ρ
1368 798 1437 843 An

55 865 167 911 forte
184 869 276 925 jam
295 865 439 928 placet
454 877 502 912 ut
520 867 795 930 baptizandis
829 879 1065 931 utrumque
1081 884 1171 912 non
1195 867 1347 913 demus
1363 903 1374 923 ‚
1395 878 1437 913 et

56 935 288 999 baptizatis
306 947 540 1000 utrumque
559 936 819 984 reddamus?
844 937 978 994 Quod
1000 938 1034 982 si
1051 937 1239 983 absurde
1253 937 1433 994 dicitur,

54 1022 157 1065 ergo
181 1005 396 1052 fateantur
416 1007 648 1070 Apostolos
664 1007 908 1052 doctrinam
922 1023 1045 1052 suam
1071 1024 1118 1052 ex
1141 1017 1326 1071 utroque
1339 1025 1437 1071 per-

55 1075 213 1122 fectam
237 1077 323 1122 suis
349 1077 556 1138 Epistolis
573 1074 782 1120 indidisse
801 1096 812 1129 3
834 1076 906 1122 sed
926 1088 1158 1140 propterea
1179 1077 1438 1141 plerumque

56 1145 292 1191 insinuasse
314 1145 439 1208 prius
456 1145 590 1190 fidem
611 1183 621 1201 ‚
653 1163 701 1190 ac
725 1146 882 1191 deinde
906 1148 1027 1210 quod
1044 1147 1097 1193 ad
1118 1149 1251 1194 vitam
1273 1148 1436 1193 bonam

56 1215 243 1278 pertinet
268 1216 500 1275 subjecisse
518 1253 528 1271 ‚
552 1216 655 1279 quia
680 1227 721 1261 et
740 1216 786 1260 111
804 1216 982 1262 homine
997 1218 1091 1280 ipso
1118 1217 1199 1262 nisi
1214 1216 1438 1280 praecedat

55 1285 186 1342 fides,
211 1286 300 1333 vita
318 1288 435 1332 bona
458 1287 577 1349 sequi
599 1303 688 1332 non
711 1284 885 1349 poterit.
907 1286 1138 1350 Quidquid
1165 1287 1280 1332 enim
1301 1287 1438 1333 homo

56 1356 190 1402 veluti
206 1367 320 1402 recte
337 1356 488 1402 fecerit
507 1376 518 1410 ;
569 1356 652 1402 nisi
679 1355 733 1400 ad
755 1356 961 1418 pietatem
981 1374 1081 1419 quae
1103 1356 1157 1402 ad
1182 1359 1325 1401 Deum
1347 1367 1433 1412 est,

56 1425 279 1483 referatur,
308 1438 476 1472 rectum
494 1426 582 1472 dici
595 1444 684 1471 non
703 1436 888 1489 oportet.
910 1427 1043 1482 Quod
1066 1427 1101 1471 si
1117 1427 1437 1472 arbitrarentur

57 1496 193 1561 aliqui
214 1497 334 1543 stulti
352 1509 394 1543 et
419 1498 546 1542 nimis
568 1497 760 1560 imperiti
797 1496 1115 1558 Apostolorum
1142 1496 1360 1559 Epistolas
1379 1496 1434 1541 ad

56 1573 404 1620 Catechumenos
417 1574 538 1618 datas
556 1610 566 1628 ,
590 1571 786 1636 profecto
800 1573 931 1617 etiam
949 1573 1034 1635 ipsi
1056 1572 1309 1629 faterentur,
1327 1590 1436 1618 non-

53 1642 162 1687 dum
193 1643 423 1706 baptizatis
458 1653 682 1706 praecepta
713 1659 886 1687 morum
917 1642 995 1704 qui
1024 1642 1125 1687 fidei
1162 1653 1432 1702 congruant,

55 1712 185 1758 simul
208 1729 310 1759 cum
327 1713 431 1759 fidei
453 1712 608 1772 regulis
631 1712 875 1757 intimanda
897 1730 907 1756 ε
935 1713 1017 1757 nisi
1029 1712 1140 1758 forte
1155 1712 1210 1758 ad
1228 1713 1344 1759 hanc
1364 1731 1438 1759 ne-

56 1783 292 1829 cessitatem
312 1800 388 1828 sua
401 1800 477 1828 nos
490 1783 559 1828 isti
575 1782 870 1846 disputatione
887 1782 1160 1846 compellunt
1178 1820 1188 1838 ,
1208 1793 1256 1828 ut
1271 1783 1437 1846 primas

54 1864 196 1915 partes
209 1855 242 1899 E
246 1854 505 1917 pistolarum
520 1853 878 1917 apostolicarum,
897 1853 977 1898 ubi
994 1853 1048 1898 de
1070 1853 1156 1898 fide
1171 1853 1434 1917 loquuntur,

57 1924 390 1970 Catechumenis
415 1923 615 1983 legendas
644 1923 778 1970 velint
795 1943 806 1976 3
826 1923 1087 1986 posteriores
1108 1933 1250 1968 autem
1290 1923 1437 1968 fideli-

55 1995 137 2040 bus
152 2031 163 2050 ‚
182 1994 261 2039 ubi
269 1997 361 2053 jam
371 1993 634 2056 praecipitur
647 1992 1024 2054 quemadmodum
1041 1992 1283 2037 Christiani
1293 1992 1438 2039 vivere

53 2064 254 2110 debeant.
281 2063 413 2120 Quod
437 2063 471 2108 si
503 2062 804 2107 stultissimum
843 2072 904 2107 est
933 2062 1101 2115 dicere;
1129 2061 1300 2108 nu]lum
1337 2080 1437 2123 ergo

55 2133 370 2180 documentum
394 2144 455 2179 est
486 2133 618 2192 hujus
645 2132 862 2196 opinionis
889 2150 936 2177 ex
955 2132 1162 2195 Epistolis
1202 2133 1436 2197 Apostolo-

55 2221 152 2250 rum
171 2241 183 2261 ‚
213 2221 292 2250 cur
329 2203 427 2250 ideo
468 2203 730 2249 arbitremur
767 2202 1055 2266 baptizandos
1089 2204 1143 2249 de
1190 2204 1280 2249 sola
1321 2204 1407 2250 fide
1423 2240 1433 2259 ‚

55 2275 299 2339 baptizatos
322 2286 467 2320 autem
487 2274 540 2320 de
563 2274 760 2320 moribus
779 2273 1079 2319 admonendos
1095 2311 1106 2330 ‚
1130 2275 1234 2338 quia
1257 2274 1321 2321 illi
1338 2276 1437 2339 pri-

54 2347 135 2391 mis
154 2346 355 2409 partibus
374 2345 615 2390 litterarum
634 2361 810 2389 suarum
839 2344 1256 2390 commendaverunt
1275 2345 1406 2390 fidem
1421 2382 1432 2402 ‚

56 2434 105 2463 ac
120 2427 270 2481 postea
288 2427 597 2479 consequenter
632 2426 682 2460 ut
698 2416 808 2460 bene
824 2433 847 2460 a
866 2415 1070 2460 fidelibus
1086 2415 1304 2461 viveretur
1321 2415 1434 2461 hor-

55 2487 131 2533 tati
155 2497 268 2533 sunt.
312 2487 522 2543 Quamvis
557 2486 672 2532 enirn
708 2485 819 2531 illud
858 2486 981 2549 prius
995 2523 1005 2541 ‚
1048 2485 1138 2530 hoc
1179 2486 1396 2549 posterius
1415 2523 1428 2543 ,

54 2557 289 2621 saepissime
326 2567 470 2602 tamen
509 2574 595 2602 una
635 2556 905 2602 contextione
944 2556 1151 2602 sermonis
1200 2566 1436 2622 utrumque

60 2627 392 2674 Catechumenis
407 2664 417 2684 ,
444 2638 677 2692 utrumque
697 2626 900 2673 fidelibus
916 2664 926 2683 ,
955 2637 1190 2691 utrumque
1211 2626 1436 2693 baptIzan-
