1758 3246
311 286 404 339 204
731 297 765 326 s.
808 295 1048 325 Auecsrmr
1085 295 1288 325 131³1scom

308 364 437 408 fuisse
453 360 694 424 completa,
713 371 943 424 antequam
968 371 1074 406 esset
1101 377 1199 423 pars
1220 360 1411 416 Donati,
1438 359 1511 405 sed
1535 371 1684 423 postea

317 443 452 477 totam
474 431 713 477 Ecclesiam
740 432 922 495 perisse,
951 441 993 476 et
1019 431 1064 476 in
1103 431 1191 476 sola
1226 431 1387 476 Donati
1423 441 1546 494 parte
1584 430 1682 475 reli·
1747 431 1749 482 ]

308 503 431 565 quias
449 506 539 561 ejus
566 502 812 547 remansisse
835 501 1123 547 contendunt.
1162 501 1200 545 O
1233 500 1426 560 linguam
1451 501 1683 564 superbam
1747 498 1749 500 ’

307 583 349 617 et
367 572 574 618 nefariam
593 573 601 617 l
624 589 703 617 nec
720 572 752 616 si
770 589 866 618 vere
882 571 942 616 sic
956 571 1169 624 viverent,
1189 581 1236 614 ut
1255 570 1323 615 vel
1342 571 1453 615 inter
1472 587 1513 616 se
1529 587 1684 633 pacem
1748 571 1758 619 1}

303 654 452 707 postea
493 641 775 687 custodirent.
809 643 937 686 Nunc
972 651 1114 686 autem
1143 657 1231 684 non
1258 640 1489 685 attendunt
1517 644 1609 699 jam
1639 640 1685 685 in

303 713 400 776 ipso
424 714 594 757 Donato
619 712 886 775 completum
909 711 1036 755 fuisse
1053 747 1063 766 ‚
1107 709 1227 772 quod
1267 709 1437 755 dictum
1461 721 1524 756 est
1552 728 1562 754 :
1592 731 1611 750 «
1631 711 1685 755 In
1749 712 1751 716 '

304 804 324 824 »
351 800 437 845 qua
454 799 655 827 mensura
672 782 807 826 mensi
823 781 989 826 fueritis
1003 817 1013 836 ,
1034 780 1079 824 in
1116 797 1164 824 ea
1193 780 1443 825 remetietur
1465 780 1589 826 vobis
1608 779 1641 825 1.
1664 802 1685 821 «

304 854 427 898 Sicut
444 854 557 898 enim
583 853 809 897 Christum
825 850 1017 896 dividere
1042 860 1223 894 conatus
1245 859 1330 906 est,
1351 851 1410 895 sic
1443 851 1534 913 ipse
1554 868 1576 895 a
1601 850 1686 895 suis
1749 903 1752 907 ⁸

303 923 555 985 quotidiana
577 922 821 968 concisione
855 919 1082 965 dividitur.
1134 918 1202 964 Ad
1223 919 1311 964 hoc
1340 920 1470 965 etiam
1495 920 1687 983 pertinet
1750 975 1751 978 Ἴ

303 993 415 1037 illud
433 992 553 1055 quod
568 991 781 1037 Dominus
805 990 937 1036 dicit:
957 1010 977 1030 α
996 989 1084 1045 Qui
1107 989 1222 1033 enim
1244 989 1387 1048 gladio
1406 989 1682 1053 percusserit,

306 1083 327 1104 »
348 1062 491 1122 gladio
529 1061 784 1107 morietur2.
819 1082 838 1102 »
865 1059 1048 1105 Gladius
1074 1060 1188 1104 enim
1214 1060 1287 1105 illo
1320 1060 1415 1106 loco
1433 1097 1443 1116 ‚
1473 1059 1686 1122 siquidem
1751 1064 1752 1067 ’

303 1133 348 1178 in
398 1133 512 1179 malo
547 1133 716 1196 positus
741 1142 827 1187 est,
866 1130 1178 1176 discordiosam
1214 1130 1408 1190 linguam
1451 1129 1683 1190 significat,

299 1221 385 1267 qua
409 1215 515 1249 tunc
534 1203 604 1248 ille
621 1202 768 1248 infelix
782 1200 1019 1246 Ecclesiam
1042 1201 1254 1263 percussit
1269 1238 1280 1255 ,
1301 1200 1375 1245 sed
1396 1218 1484 1245 non
1502 1199 1680 1246 occidit.

300 1275 398 1319 Non
421 1275 534 1319 enim
562 1273 669 1318 dixit
692 1272 935 1317 Dominus:
973 1270 1060 1326 Qui
1098 1270 1311 1315 occiderit
1348 1270 1518 1330 gladio,
1544 1269 1686 1328 gladio

296 1344 531 1397 morietur;
559 1342 631 1387 sed
653 1363 672 1382 «
694 1342 782 1397 Qui
811 1340 962 1399 gladio
1006 1357 1107 1384 usus
1146 1340 1301 1396 fuerit,
1338 1341 1508 1404 inquit,
1544 1338 1686 1398 gladio

299 1434 320 1454 ›>
335 1414 555 1459 morietur,
571 1434 591 1453 »
607 1413 722 1470 Ergo
741 1410 811 1455 ille
831 1409 1042 1472 percussit
1056 1409 1294 1454 Ecclesiam
1308 1409 1458 1469 lingua
1474 1409 1682 1468 litigiosa3

298 1501 384 1546 qua
404 1500 521 1529 nunc
549 1483 639 1545 ipse
653 1480 920 1534 conciditur,
946 1490 995 1523 ut
1016 1480 1195 1524 omnino
1213 1479 1429 1543 dispereat
1449 1490 1578 1542 atque
1596 1495 1686 1523 mo-

298 1554 449 1600 riatur.
477 1555 532 1597 Et
567 1563 713 1596 tamen
754 1549 865 1595 illud
901 1559 1007 1594 tunc
1044 1549 1269 1611 apostolus
1296 1551 1473 1605 Petrus,
1493 1566 1581 1594 non
1609 1565 1685 1593 su-

298 1624 452 1688 perbia
477 1640 574 1678 sua,
601 1621 675 1666 sed
698 1619 899 1683 quamvis
925 1618 1114 1673 carnali,
1164 1629 1310 1664 tamen
1339 1636 1482 1664 amore
1508 1617 1684 1664 Domini

296 1692 467 1739 fecerat.
496 1693 646 1754 ltaque
674 1689 922 1734 admonitus
947 1688 1147 1733 recondit
1173 1688 1396 1748 gladium:
1437 1689 1514 1734 iste
1540 1697 1684 1733 autem

297 1781 375 1808 nec
402 1764 542 1808 victus
555 1762 642 1807 hoc
666 1760 782 1806 fecit.
819 1758 1043 1822 Siquidem
1073 1776 1175 1804 cum
1209 1760 1416 1824 episcopo
1450 1758 1684 1805 Caeciliano

297 1850 470 1879 causam
491 1850 593 1879 cum
619 1831 807 1886 diceret,
832 1829 1112 1875 audientibus
1136 1830 1352 1894 episcopis
1369 1832 1524 1876 Romae
1540 1867 1551 1886 ‚
1577 1846 1686 1892 quos

295 1903 386 1965 ipse
405 1903 618 1967 petiverat
631 1939 642 1957 ,
661 1901 772 1946 nihil
793 1917 960 1954 eorum,
991 1917 1092 1963 quae
1111 1901 1373 1956 intenderat,
1407 1901 1553 1964 potuit
1574 1917 1684 1963 pro-

294 1973 399 2018 bare
418 1991 428 2017 :
449 1984 490 2018 et
513 1973 573 2018 sic
596 1971 800 2017 remansit
816 1971 861 2015 in
881 1970 1137 2026 schismate,
1162 1982 1210 2016 ut
1228 1989 1304 2017 suo
1321 1971 1464 2031 gladio
1493 1987 1676 2016 morere-

299 2053 380 2089 tur.
411 2042 608 2106 Populus
627 2052 775 2086 autem
793 2040 930 2103 ipsius
949 2077 958 2095 ‚
987 2039 1164 2103 quando
1188 2058 1277 2086 non
1298 2041 1420 2086 audit
1438 2040 1682 2103 Prophetas

294 2124 335 2157 et
366 2113 650 2172 Evangelium
668 2149 678 2167 ,
703 2112 746 2156 in
767 2110 930 2173 quibus
947 2111 1212 2174 apertissime
1239 2112 1453 2175 scriptum
1478 2121 1540 2156 est
1556 2148 1568 2167 ,
1597 2111 1680 2156 Ec-

294 2182 467 2228 clesiam
490 2182 656 2227 Christi
674 2198 752 2244 per
776 2196 922 2225 omnes
941 2191 1087 2239 gentes
1112 2198 1199 2226 esse
1218 2181 1422 2226 diffusam
1439 2218 1449 2238 ‚
1487 2191 1529 2226 et
1560 2179 1683 2226 audit

299 2252 626 2308 schismaticos,
678 2267 767 2295 non
793 2249 871 2294 Dei
898 2248 1080 2308 gloriam
1106 2262 1373 2313 quaerentes,
1414 2250 1487 2296 sed
1531 2267 1676 2305 suam,

297 2323 395 2368 satis
420 2323 634 2382 significat
657 2336 828 2366 servum
853 2336 894 2364 se
925 2336 1011 2365 esse
1033 2357 1043 2375 ‚
1071 2338 1158 2366 non
1184 2320 1374 2366 liberum
1392 2358 1403 2377 ,
1449 2331 1491 2366 et
1531 2336 1680 2366 aurem

296 2393 511 2438 dexteram
554 2409 595 2438 se
633 2391 797 2437 habere
833 2390 1075 2452 praecisam.
1127 2393 1280 2437 Petrus
1316 2391 1431 2436 enim
1464 2407 1610 2436 errans
1634 2389 1679 2435 in

296 2479 439 2508 amore
465 2462 666 2517 Domini,
698 2476 819 2505 servo
833 2496 843 2514 ‚
865 2476 952 2503 non
974 2459 1111 2506 libero
1128 2498 1138 2517 .
1168 2478 1314 2506 aurem
1334 2461 1551 2505 dexteram
1567 2476 1678 2523 prae-

297 2532 417 2579 cidit.
452 2534 511 2577 Ex
532 2549 619 2596 quo
637 2530 853 2591 significat
877 2546 948 2574 eos
967 2567 976 2585 ‚
998 2531 1073 2593 qui
1093 2531 1236 2591 gladio
1257 2530 1502 2577 schismatis
1519 2530 1678 2575 feriun-

344 2615 615 2654 ¹31auh,x11‚2.
635 2634 672 2637 —--
694 2613 772 2644 21d.
786 2612 951 2654 xxv1‚.52,
