1758 3246
249 170 343 223 406
656 186 688 211 s.
734 185 967 214 Auccsrms
1009 187 1207 217 hPlsCOt’l

244 246 362 292 nulla
387 248 450 293 lex
474 247 710 310 prohibet:
731 248 775 292 in
797 248 877 293 alia
903 265 989 294 non
1015 260 1137 295 eatur
1169 251 1389 300 adulteria.
1430 255 1486 300 Et
1509 257 1615 320 quid

245 317 299 362 ad
321 333 414 364 nos,
442 318 476 362 si
500 333 578 362 nec
597 317 744 363 saltem
764 318 912 364 divina
931 321 1201 368 miseratione
1226 324 1436 370 mundata
1460 328 1616 373 marito

242 387 544 433 reconcilietur
559 387 770 443 adultera,
793 390 899 436 dum
920 402 1059 436 tamen
1081 409 1169 438 non
1186 394 1474 440 reconciliatis
1495 396 1618 443 adul-

244 457 360 502 teris.
392 474 480 503 non
510 457 592 503 alia
618 460 725 505 fiant
751 461 872 523 quasi
896 462 1133 517 connubia,
1169 479 1269 525 quae
1294 465 1617 511 convincuntur

245 543 330 572 esse
366 528 603 574 adulteria?
623 551 643 571 «
667 530 824 575 Mulier
860 532 975 574 enim
1011 529 1181 590 alligata
1209 543 1287 588 est,
1318 533 1515 596 quandiu
1552 535 1620 580 vir

245 622 264 639 >1
282 603 373 659 ejus
405 600 558 647 viv-ivl.
594 623 614 642 ω
641 603 755 660 Ergo
785 611 1095 663 consequenter
1129 612 1171 646 et
1202 604 1268 648 vir
1301 604 1502 664 alligatus
1536 616 1614 660 est,

241 670 439 733 quandiu
471 671 626 717 mulier
655 676 744 731 ejus
766 672 887 717 vivit.
928 673 1036 717 Haec
1065 671 1257 731 alligatio
1290 673 1414 729 facit,
1448 686 1497 725 ut
1527 674 1619 722 aliis

238 746 446 805 conjungi
469 745 557 789 sine
582 743 825 788 adulterina
850 743 1129 805 copulatione
1157 760 1245 789 non
1268 745 1450 806 possint.
1494 745 1618 795 Unde

240 832 407 860 necesse
430 825 555 860 estex
576 812 749 858 duobus
773 812 1032 871 conjugibus
1058 823 1246 874 quatuor
1269 813 1487 864 adulteros
1505 815 1615 870 fieri,

239 887 272 931 si
299 897 340 930 et
363 885 436 929 illa
456 882 577 929 alteri
601 883 813 946 nupserit,
836 893 877 927 et
902 882 973 927 ille
998 882 1173 928 alteram
1195 883 1375 930 duxerit.
1408 885 1619 941 Quamvis

238 956 351 1001 enim
379 953 624 999 sceleratius
652 952 916 1007 moechetur,
944 953 1021 1015 qui
1046 970 1135 997 non
1165 970 1292 998 causa
1322 952 1620 1004 fornicationis

237 1042 366 1071 uxore
388 1024 564 1069 dimissa
589 1023 768 1067 alteram
789 1022 913 1068 ducit
931 1043 942 1075 ς
971 1022 1091 1085 quod
1112 1039 1244 1081 genus
1264 1023 1463 1069 adulterii
1494 1040 1618 1070 com—

237 1094 495 1140 memoravit
511 1093 749 1138 Matthaeus
765 1110 775 1136 ε
793 1103 936 1137 tamen
963 1110 1051 1137 non
1075 1092 1216 1138 solum
1236 1094 1327 1156 ipse
1347 1093 1615 1149 moechatur,

239 1165 310 1211 sed
331 1165 459 1211 sicuti
477 1175 538 1209 est
561 1163 679 1226 apud
705 1164 902 1207 Marcum
925 1179 936 1206 :
955 1163 1271 1225 «Quicumque
1291 1163 1501 1209 dimiserit
1520 1180 1620 1209 uxo-

238 1257 259 1277 »
281 1253 369 1281 rem
384 1251 524 1289 suam,
545 1245 588 1279 et
606 1233 731 1278 aliam
752 1231 939 1285 duxerit9
960 1231 1222 1276 adulterium
1240 1233 1474 1276 committit
1490 1249 1620 1294 super

241 1327 261 1348 »
281 1322 394 1362 eam,
420 1316 462 1351 et
485 1305 519 1350 si
545 1320 650 1349 uxor
668 1302 879 1348 dimiserit
902 1301 1044 1346 virum
1069 1317 1213 1351 suum,
1241 1311 1282 1345 et
1308 1301 1380 1346 alii
1404 1302 1614 1364 nupserit,

238 1397 260 1418 »
280 1376 558 1422 moechatur2
582 1392 592 1418 z
619 1396 640 1415 n
661 1384 703 1418 et
732 1373 858 1418 sicuti
882 1383 944 1417 est
967 1371 1087 1435 apud
1115 1373 1282 1417 Lucam
1301 1389 1311 1416 :
1330 1371 1520 1418 ‹·On1nis
1543 1373 1619 1435 qui

238 1445 461 1492 »dimittit
497 1460 670 1489 uxorem
701 1459 840 1497 suam,
877 1452 920 1486 et
956 1441 1080 1486 ducit
1115 1441 1309 1496 alteram,
1337 1440 1616 1495 moechatum

238 1537 260 1557 n
280 1526 320 1562 et
344 1515 420 1579 qui
437 1514 655 1560 dimissam
682 1529 703 1556 a
729 1512 821 1556 viro
844 1512 1030 1565 duxerit,
1058 1511 1352 1558 1noechatur3.
1380 1532 1400 1552 ›>
1422 1511 1486 1561 De
1515 1512 1619 1575 qui.-

237 1586 321 1631 bus
344 1584 598 1630 testimoniis
614 1587 706 1642 jani
731 1583 831 1627 satis
854 1583 899 1627 in
922 1581 1037 1626 libro
1064 1582 1286 1644 superiore
1314 1581 1509 1628 disserui.

306 1659 382 1704 lX.
427 1653 511 1699 Sed
545 1651 777 1715 respondes
810 1651 919 1696 mihi
942 1669 952 1696 ε
977 1673 996 1694 α
1017 1651 1300 1698 Continenter
1331 1651 1475 1698 vivere
1501 1668 1618 1714 pau-

238 1751 258 1772 »
279 1744 429 1775 corum
445 1735 508 1770 est
527 1741 538 1769 t
559 1733 601 1768 et
620 1722 719 1768 ideo
737 1723 813 1785 qui
829 1721 1092 1767 fornicantes
1109 1726 1313 1781 conjuges
1334 1721 1590 1767 dimiserunt
1604 1760 1613 1777 ,

237 1799 484 1864 »quoniam
512 1812 600 1840 non
633 1803 815 1856 possunt
846 1793 1144 1843 reconciliari,
1184 1802 1353 1837 tantum
1392 1809 1434 1836 se
1468 1792 1618 1838 vident

234 1893 256 1913 ))
275 1866 539 1934 periclitari,
567 1875 616 1910 ut
638 1864 773 1923 legem
803 1863 968 1908 Christi
1003 1880 1090 1907 non
1119 1862 1379 1917 humanam,
1406 1861 1477 1907 sed
1509 1861 1618 1908 fera-

233 1964 254 1983 »
273 1940 356 1986 lem
384 1935 682 2001 pronuntient.
711 1955 729 1973 »
753 1933 792 1978 O
814 1931 964 1987 frater,
992 1942 1206 1995 quantum
1228 1932 1281 1977 ad
1300 1931 1615 1978 incontinentes

234 2010 437 2076 pertinet,
467 2005 624 2050 multas
644 2003 838 2066 querelas
862 2002 1023 2047 habere
1047 2012 1245 2064 possunt.
1278 2002 1456 2064 quibus,
1483 2012 1531 2047 ut
1549 2002 1618 2047 di—

232 2082 310 2136 cis,
339 2080 474 2138 legem
504 2075 668 2121 Christi
694 2074 870 2119 feralem
897 2073 1200 2136 pronuntient,
1234 2090 1321 2118 non
1348 2073 1606 2120 humanam.

232 2155 286 2198 Et
315 2162 459 2196 tamen
484 2163 571 2192 non
596 2156 778 2208 propter
803 2144 899 2188 illos
928 2143 1213 2203 Evangelium
1244 2143 1408 2188 Christi
1437 2159 1616 2206 perver-

231 2233 336 2277 tere,
358 2218 422 2265 vel
444 2226 612 2262 mutare
636 2214 859 2260 debemus.
886 2214 947 2258 Te
965 2214 1134 2276 quippe
1157 2213 1247 2258 sola
1271 2229 1419 2258 eorum
1445 2212 1616 2276 querela

231 2298 484 2356 permovet,
510 2287 588 2350 qui
618 2289 822 2344 conjuges
846 2301 974 2329 causa
998 2283 1294 2329 fornicationis
1325 2282 1615 2328 intercedente

228 2361 476 2413 dimittunt,
501 2357 535 2401 si
560 2356 665 2401 alias
693 2354 852 2400 ducere
879 2370 967 2397 non
985 2354 1208 2398 sinantur:
1229 2352 1435 2414 quoniam
1465 2352 1611 2397 conti-

228 2448 328 2477 nere
351 2442 596 2493 paucorum
615 2434 695 2480 est,
726 2434 858 2488 atque
882 2423 937 2468 ad
959 2423 1006 2468 id
1024 2422 1186 2468 debent
1208 2421 1337 2471 laude
1360 2421 1605 2477 adhortari,

283 2516 290 2534 ¹
319 2528 327 2544 r
352 2517 424 2544 (mr,
445 2523 501 2539 vu.
522 2513 575 2549 39.-
600 2507 672 2533 ...2
691 2512 788 2541 Marc.
815 2519 846 2541 x.
866 2519 916 2542 11,
942 2519 990 2537 η.
1013 2503 1084 2531 -3
1101 2509 1176 2537 Luc.
1199 2516 1267 2541 xvi,
1292 2506 1342 2537 18.
