1758 3246
343 207 396 237 niz
433 203 668 235 commus
707 203 1029 243 Ant'nrffluxls,
1067 205 1155 235 Lm.
1199 205 1250 234 11.
1388 193 1481 252 [107

116 289 202 316 non
228 271 318 330 lege
347 270 560 333 compelli.
592 271 742 331 ltaque
768 269 801 313 si
826 268 997 313 dimissa
1023 269 1217 315 adultera
1240 287 1329 316 non
1354 271 1484 317 duci-

114 352 187 387 tur
209 341 358 397 altera,
381 344 543 400 justam
567 339 804 402 querclam,
830 338 942 382 sicut
964 349 1110 400 putaS‚
1132 339 1314 385 habebit
1334 341 1484 390 homi-

115 427 218 457 num
242 410 567 457 incontinentia.
599 408 684 453 Sed
707 406 878 453 attende
905 424 1038 470 quam
1061 407 1188 470 plura
1213 420 1331 467 sunt,
1355 411 1433 456 ubi
1451 411 1487 457 si

115 480 307 543 querelas
323 479 689 525 incontinentium
707 477 887 523 velimus
902 476 1148 532 admittere,
1172 495 1338 525 necesse
1360 480 1488 539 nobis

115 551 195 596 erit
219 550 427 596 adulteria
457 548 655 596 facienda
679 547 939 611 permittere.
979 546 1098 623 Quid
1134 547 1168 592 si
1197 548 1310 592 enim
1343 548 1488 612 aliquo

114 619 321 665 diuturno
343 630 385 665 et
411 618 641 665 insanabili
672 617 826 662 morbo
861 616 1059 678 corporis
1079 627 1273 662 teneatur
1301 622 1487 685 conjux,

113 706 202 753 quo
224 689 485 735 concubitus
516 687 755 750 impeditur
783 685 914 762 (1Δ)ἓ
943 686 1063 742 Quid
1091 686 1122 731 si
1150 687 1397 749 captivitas,
1425 688 1493 733 vel

113 758 177 803 vis
208 758 352 821 aliqua
383 769 565 820 separet
603 758 663 802 ita
691 767 738 801 ut
769 756 876 802 sciat
913 756 1055 801 vivere
1086 757 1266 802 maritus
1294 773 1487 814 uxorem,

112 831 239 886 cujus
256 827 339 872 sibi
358 827 485 890 copia
504 827 756 886 denegatur,
779 842 940 871 censes·
944 842 996 871 ne
1017 825 1308 872 admittenda
1296 828 1489 873 inconti-

114 896 306 945 nentium
341 914 594 953 murmura,
628 907 669 941 et
701 894 989 959 permittenda
1021 895 1260 942 adulteria?
1296 896 1416 953 Quid
1446 898 1493 944 in

113 965 200 1024 hoc
227 966 324 1029 ipso
356 967 471 1022 unde
501 967 790 1024 interrogatus
818 975 880 1010 est
915 965 1143 1020 Dominus,
1182 966 1494 1030 responditque

112 1036 204 1082 fieri
224 1055 312 1085 non
338 1037 513 1092 debere,
538 1037 611 1083 sed
638 1037 690 1082 ad
717 1036 923 1081 duritiam
950 1035 1093 1081 cordis
1112 1036 1287 1083 illorum
1316 1039 1490 1100 Moysen

112 1106 353 1168 permisisse
375 1106 469 1152 dari
488 1106 687 1153 libellum
713 1104 902 1168 repudii,
926 1115 968 1149 et
985 1121 1262 1168 quacumque
1281 1123 1410 1153 causa
1427 1106 1493 1154 di,

113 1176 282 1222 mittere
301 1181 547 1236 conjugem,
571 1194 713 1222 nonne
732 1176 796 1219 lex
816 1174 981 1220 Christi
1004 1175 1376 1225 incontinentibus
1401 1176 1494 1223 dis-

113 1245 264 1308 plicet,
290 1248 367 1309 qui
390 1262 540 1290 uxores
562 1245 784 1304 litigiosas,
812 1244 1057 1303 injuriosas,
1084 1245 1354 1308 imperiosas,
1378 1246 1497 1293 fasti.-

115 1314 272 1371 diosas‚
293 1325 336 1371 et
355 1315 409 1360 ad
432 1314 702 1360 reddendum
725 1314 923 1359 debitum
945 1314 1172 1375 conjugale
1197 1315 1492 1372 difficillimas,

115 1385 297 1449 repudio
322 1386 576 1449 interposito
606 1385 791 1445 abjicere
824 1384 1001 1437 volunt,
1040 1396 1082 1432 et
1114 1385 1267 1434 alteras
1300 1387 1490 1435 ducere?

115 1455 139 1499 J
145 1453 213 1513 ain
233 1473 350 1514 ergo,
380 1456 483 1518 quia
507 1457 687 1509 istorum
712 1454 1025 1507 incontinentia
1044 1453 1178 1514 legem
1200 1455 1368 1505 Christi
1391 1457 1494 1505 horr

115 1525 220 1582 ruit,
242 1525 296 1583 ad
317 1543 464 1571 eorum
483 1525 547 1571 lex
569 1525 735 1571 Christi
753 1524 983 1572 arbitrium
1003 1526 1313 1575 commutanda
1331 1531 1419 1574 est?
1459 1542 1462 1544 ’

180 1596 234 1653 X.
278 1596 377 1652 Jam
404 1613 536 1659 porro
560 1596 591 1640 si
613 1596 815 1641 maritum
841 1593 1055 1656 relinquat
1080 1612 1199 1649 uxor,
1228 1597 1294 1642 vel
1314 1599 1496 1645 maritus

116 1682 308 1721 uxorem,
331 1684 417 1722 non
441 1682 567 1711 causa
584 1665 897 1719 lo1·nicationi5‚
923 1664 996 1708 sod
1022 1665 1168 1727 potius
1191 1667 1489 1723 continentiae,

115 1737 254 1798 sitque
266 1736 538 1781 incontinens
557 1737 627 1781 cui
650 1736 880 1798 repudium
894 1746 1075 1797 propter
1085 1736 1172 1781 1106
1182 1736 1327 1784 datur.
1341 1756 1493 1801 quaero

116 1817 264 1862 utrum
289 1823 375 1851 non
397 1806 479 1851 crit
503 1805 674 1851 adulter
698 1806 765 1851 vel
787 1805 999 1855 adulter&
1029 1807 1062 1851 si
1086 1806 1208 1851 alteri
1232 1809 1492 1871 copuletur?

116 1875 163 1920 Si
193 1893 280 1932 non
313 1876 393 1920 erit
425 1875 604 1924 dicitur.
640 1877 828 1921 Domino
863 1876 1196 1928 contradicitur,
1237 1882 1361 1938 cujus
1396 1879 1494 1925 haec

114 1946 247 1992 verba
280 1956 378 1991 sunt
408 1964 418 1990 x
448 1968 464 1986 α
495 1946 673 1991 Dictum
702 1957 764 1990 est
790 1957 959 2002 autem,
985 1946 1252 2009 quicumque
1285 1948 1495 1994 dimiserit

116 2037 137 2057 »
158 2032 329 2071 uxorem
351 2032 489 2070 suam,
513 2012 585 2060 det
602 2015 664 2060 illi
684 2015 880 2060 libellum
905 2016 1088 2079 repudii.
1117 2017 1208 2073 ligo
1231 2028 1373 2063 autem
1392 2019 1493 2064 dico

116 2107 137 2128 »
157 2085 300 2141 vobis,
328 2086 428 2148 quia
455 2086 596 2130 omnis
619 2085 691 2146 qui
718 2085 928 2131 dimiserit
953 2103 1124 2132 uxorem
1151 2104 1291 2142 suam,
1319 2100 1495 2152 excepta

116 2177 136 2197 »
158 2172 284 2200 causa
302 2155 616 2203 fornicationis.
636 2154 740 2200 facit
757 2172 848 2200 eam
867 2157 1105 2209 moechari3
1123 2167 1164 2201 et
1181 2158 1255 2219 qui
1273 2158 1492 2205 dimissam

117 2245 138 2265 »
161 2224 346 2279 duxerit,
375 2224 633 2270 adulteratl.
658 2246 676 2265 υ
700 2229 806 2270 11666
826 2226 1000 2273 dimissa
1018 2236 1099 2274 651.
1128 2244 1215 2272 11011
1241 2227 1427 2282 dimisit3
1455 2240 1496 2276 et

116 2294 220 2357 quia
242 2293 460 2339 continere
477 2311 717 2356 paucorum
734 2305 812 2342 651,
832 2296 1158 2341 incontinentia}
1176 2298 1298 2345 cessit
1311 2308 1353 2343 et
1371 2316 1493 2362 nup-

117 2364 197 2418 sit3
223 2374 265 2409 et
288 2373 432 2408 tamen
458 2363 627 2409 adulter
651 2363 890 2410 adulteram
917 2365 1052 2412 duxit.
1088 2367 1230 2411 Ambo
1256 2368 1330 2423 rei,
1363 2370 1494 2415 ambo

117 2432 490 2493 damuandisunt3
506 2444 547 2479 et
558 2436 1107 2497 quaenupsitvivomarim.
1119 2445 1157 2480 et
1171 2436 1243 2497 qui
1266 2436 1388 2484 duxit
1406 2456 1497 2485 eam

170 2515 178 2535 ¹
200 2514 316 2546 Matth.
335 2525 362 2547 v,
390 2517 440 2550 31,
463 2518 515 2548 312.
