1758 3246
398 287 452 318 m:
489 287 610 318 Bono
646 284 926 323 vmnnrA'ns,
971 288 1058 318 mn.
1103 291 1130 319 1.
1367 276 1463 337 :357

86 365 134 400 ut
153 354 325 400 solertia
347 351 601 416 disputandi
628 362 670 397 et
687 352 896 397 suavitate
919 352 1096 397 dicendi
1119 354 1164 397 in
1180 354 1370 400 hominis
1384 373 1460 401 vo-

82 424 249 470 luntate
275 424 434 469 inserat
467 422 717 477 veritatem,
747 421 912 466 nutriat
937 421 1193 467 charitatem
1217 461 1227 471 ,
1261 424 1460 470 docendo

84 494 208 539 tollat
219 509 401 539 errorem
412 529 422 548 2
438 491 703 537 exhortando
719 502 936 554 torporem
959 508 970 535 :
989 492 1161 553 «Neque
1178 493 1253 554 qui
1271 494 1457 556 plantat,

85 584 104 604 ))
126 574 188 608 cst
215 562 380 626 aliquid
402 599 413 617 ‚
438 578 576 625 neque
601 562 677 623 qui
697 562 807 620 rigat
827 597 836 615 ‚
863 560 936 605 sed
953 561 1030 623 qui
1054 562 1368 607 incrementum
1386 564 1463 610 dat

84 654 104 672 η
132 631 289 678 Deus1‚
312 653 332 673 n
351 632 527 676 Frustra
551 632 716 693 quippe
738 631 959 693 operarius
981 630 1122 675 onmia
1151 631 1375 678 moliretur
1393 651 1459 679 ex—

85 700 323 757 trinsecus,
363 701 446 746 nisi
488 704 668 746 Creator
698 700 954 746 intrinsecus
989 699 1170 745 latenter
1194 713 1459 763 operaretur.

85 771 220 834 Spero
238 788 336 830 ergo
352 771 432 816 has
450 771 612 816 litteras
624 789 738 816 meas
756 771 908 815 merito
927 771 1187 816 excellentiae
1206 782 1360 818 vestrae
1376 772 1464 817 cito

82 841 127 885 in
158 858 311 886 manus
329 841 458 885 eliam
486 841 636 886 talium
654 858 738 886 esso
756 852 957 885 venturas
981 858 992 885 ε
1013 841 1110 886 ideo
1132 842 1340 888 nonnulla
1356 842 1465 887 hinc.

84 909 268 955 dicenda
293 910 526 955 arbitratus
545 927 653 956 sum.
684 910 850 955 Deinde
872 921 918 954 ut
940 921 986 955 tu
1006 911 1099 973 ipsa
1113 921 1153 955 ct
1172 927 1465 974 quaecumque

85 979 177 1025 aliae
209 979 356 1025 vicluae
390 981 469 1025 ista
497 980 706 1040 legerint,
746 980 814 1025 vel
844 997 942 1025 cum
976 981 1178 1040 leguntur
1214 981 1461 1035 audierint,

83 1049 285 1095 noveritis
298 1067 374 1096 vos
391 1050 446 1095 ad
466 1051 736 1111 diligendum
755 1061 798 1095 et
815 1050 1069 1096 habendum
1090 1051 1371 1096 continentiae
1386 1050 1464 1095 bo-

83 1136 188 1165 num
207 1120 306 1183 plus
330 1122 540 1184 proficere
564 1121 832 1166 orationibus
869 1120 1015 1166 vestris
1038 1157 1049 1175 ,
1092 1137 1225 1183 quam
1259 1120 1465 1165 exhorta-

82 1190 276 1235 tionibus
296 1191 452 1235 nostris
480 1208 490 1234 ε
517 1190 724 1252 quoniam
767 1190 800 1233 si
834 1190 941 1250 quid
979 1206 1054 1232 vos
1093 1189 1272 1247 adjuvat
1290 1225 1301 1243 ‚
1345 1188 1467 1250 quod

82 1259 206 1303 vobis
240 1259 370 1304 etiam
404 1269 549 1303 nostra
585 1259 886 1303 ministrantur
920 1258 1108 1320 alloquia
1127 1295 1139 1314 ,
1181 1269 1321 1303 totum
1352 1258 1467 1303 illius

83 1327 231 1386 gratiae
246 1327 530 1373 tribuendum
550 1338 610 1372 est
626 1364 637 1383 ,
659 1349 678 1368 α
696 1328 747 1371 In
762 1331 886 1387 cujus
907 1344 1038 1373 manu
1053 1338 1179 1383 sunt,
1201 1328 1313 1372 sicut
1330 1328 1468 1390 serip-

83 1416 104 1438 »
125 1407 219 1442 turn
243 1408 304 1441 est
325 1434 335 1452 ,
370 1402 504 1442 οῖἠοε
520 1434 531 1453 ,
554 1407 596 1441 et
618 1414 830 1442 sermones
849 1398 983 1442 nostri
1001 1398 1033 1444 2.
1057 1419 1077 1439 ›>

147 1467 316 1512 XXIII.
355 1466 401 1511 Si
417 1483 516 1526 ergo
534 1466 731 1511 nondum
753 1468 843 1511 Deo
861 1467 1046 1512 vovisses
1072 1468 1383 1513 continentiam
1403 1469 1467 1514 vi-

83 1535 273 1592 dualem,
290 1536 620 1581 exhortaremur
636 1536 833 1599 profecto
846 1547 894 1581 ut
906 1537 1116 1596 voveres}
1135 1537 1239 1600 quia
1254 1554 1357 1583 vero
1376 1541 1467 1597 jam

81 1605 238 1650 vovisti
254 1642 265 1660 ‚
288 1605 565 1651 exhortamur
576 1607 1022 1669 utperseverosffalia
1042 1607 1154 1652 mihi
1178 1618 1323 1653 tamen
1338 1607 1466 1654 video

83 1691 169 1720 esse
187 1675 389 1731 dicenda,
405 1676 566 1738 quibus
580 1693 672 1721 eam
689 1676 873 1735 diligant
883 1687 925 1721 et
939 1677 1307 1740 arripiantetquae
1319 1678 1468 1724 adhuc

82 1745 514 1802 nuberecogitabant.
530 1746 1469 1810 AuremigiturinelincmusApostolo:«Quae

84 1835 105 1856 »
125 1815 311 1878 innupta
325 1825 403 1871 est,
417 1816 576 1878 inquit,
589 1817 771 1861 sollicita
785 1827 845 1861 est
858 1834 904 1862 ea
917 1834 1016 1879 quae
1032 1829 1132 1862 sunt
1151 1819 1344 1874 Domini,
1360 1819 1470 1864 utsit

85 1907 106 1928 u
128 1895 276 1931 sancta
291 1896 333 1931 et
347 1903 530 1949 corpoie
546 1898 587 1932 et
603 1887 787 1950 spiritu:
778 1905 932 1951 .quae
922 1898 1064 1932 autem
1078 1899 1218 1950 nupta
1234 1899 1321 1945 est,
1343 1889 1466 1934 solli-

83 1976 104 1997 »
130 1956 285 2002 eitaest
299 1972 398 2021 quae
411 1956 691 2007 suntmundi
680 1957 925 2020 quomodo
940 1957 987 2020 pl
992 1968 1111 2003 aceat
1128 1975 1155 2003 x
1159 1959 1237 2004 iro.
1249 1960 1378 2005 »Non
1389 1959 1464 2004 ait:

86 2025 282 2072 Sollicita
305 2038 368 2073 est
390 2045 438 2072 ea
458 2043 558 2090 quae
585 2037 685 2072 sunt
708 2026 890 2072 mundi.
916 2038 963 2072 ut
995 2038 1141 2072 sancta
1160 2045 1248 2073 non
1279 2029 1372 2074 sit:
1397 2047 1437 2075 s(
1441 2030 1470 2077 d

83 2111 196 2145 certe
225 2097 368 2145 minor
377 2109 496 2142 estea
513 2096 754 2157 conjugalis
775 2095 979 2143 sanctitas
996 2115 1043 2144 ex
1059 2116 1107 2144 ea
1121 2110 1242 2163 parte
1265 2116 1392 2146 culai
1397 2118 1469 2146 um

84 2186 170 2232 qua
190 2168 413 2214 mundana
436 2167 651 2226 cogitatur
670 2166 886 2230 voluptas.
914 2168 1147 2232 Quidquid
1168 2170 1314 2232 itaque
1331 2171 1471 2216 inten-

83 2241 211 2285 tionis
236 2239 367 2284 animi
391 2237 519 2283 etiam
545 2237 614 2282 his
645 2237 775 2283 rebus
810 2239 1136 2301 impenderetur
1171 2241 1331 2303 quibus
1368 2241 1470 2303 pla—

83 2309 271 2355 cendum
302 2318 406 2353 esset
446 2308 567 2362 viro,
602 2307 801 2367 colligere
826 2309 1018 2371 quodam
1048 2310 1180 2356 modo
1204 2321 1246 2356 et
1277 2310 1470 2370 redigere

84 2381 214 2427 debet
229 2382 417 2443 innupta
437 2380 691 2425 Christiana
711 2381 757 2425 in
777 2398 870 2426 eam
890 2382 1175 2428 intentionem
1193 2400 1278 2445 qua
1293 2382 1471 2445 placen-

85 2452 191 2498 dum
216 2462 278 2496 est
306 2451 507 2497 Domino.
535 2452 591 2496 I⁴t
616 2451 716 2496 xide
739 2453 813 2497 cui
833 2452 1028 2516 placeat,
1052 2470 1151 2516 quae
1166 2454 1354 2499 Domino
1367 2454 1468 2517 pla-

88 2533 192 2568 cet:
218 2531 261 2566 et
282 2521 431 2584 utique
451 2531 571 2566 tanto
596 2532 657 2566 est
686 2521 715 2565 Ξ
720 2522 854 2568 eatioe
870 2560 881 2578 ,
909 2540 991 2581 (zue
983 2533 1074 2568 nto
1100 2522 1146 2586 ΡΞ
1153 2540 1200 2569 us
1223 2523 1367 2586 placet
1388 2524 1463 2570 ei:

171 2604 954 2647 :ftyri-.-²S⁴T‚xs1‘}.-3i(
1003 2610 1130 2637 mffll'..
