1758 3246
309 291 363 323 DE
400 289 635 321 consuens
672 288 993 329 ΑυυιτιειηΝιε,
1034 291 1119 323 Lm.
1162 292 1211 323 υ.
1352 279 1438 333 401

84 357 264 404 sentiat?
290 356 417 412 Quod
442 355 616 418 quidem
643 371 729 400 non
753 357 843 418 ipse
863 356 990 400 sentis
1011 392 1020 410 ,
1049 357 1121 401 sed
1145 357 1230 403 hoc
1257 359 1450 421 sequitur

85 428 157 474 illa
181 445 279 491 quae
309 428 449 472 sentis.
498 428 618 470 {luta
654 443 753 484 ergo
785 425 1103 481 antecedentia,
1140 428 1170 470 si
1204 429 1265 472 xis
1301 426 1452 474 cavere

86 499 303 561 sequentia
328 515 338 541 2
365 507 405 540 ct
429 494 515 540 noli
536 494 701 549 (licere,
733 506 950 540 mortuum
976 495 1115 539 risum
1146 497 1208 540 xe!
1238 509 1450 544 nun-tuam

87 586 257 613 uxorem
279 567 364 612 hoc
385 567 480 611 loco
497 566 652 610 deber<-
674 566 852 624 intelligi
876 566 1000 609 etiam
1033 565 1328 613 fornicantem.

152 638 226 684 lv.
269 635 565 692 Quamobrem
587 635 822 680 secundum
847 634 1091 680 doctrinam
1111 653 1258 680 sanam
1283 654 1292 680 ι
1318 658 1338 676 «
1361 638 1455 682 Mu-

87 730 109 750 »
128 709 204 754 lier
226 707 397 765 alligata
422 716 483 750 est
501 743 512 760 ‚
540 705 735 767 quandiu
764 705 828 750 xir
855 709 946 764 ejus
970 705 1101 761 vivit,
1126 727 1146 746 >2
1171 705 1215 751 id
1235 718 1297 751 est
1314 743 1325 762 ,
1354 724 1463 752 non-

88 779 238 825 dume
272 794 454 840 corpore
480 776 696 822 abscessit.
739 796 760 816 «
793 775 948 821 Mulier
978 776 1092 821 enim
1125 777 1206 822 sub
1241 778 1335 823 viro
1359 778 1458 824 vivo

89 871 109 891 »
129 850 285 895 marito
302 851 455 907 juncta
478 856 539 890 est
556 847 638 906 legi
653 884 663 901 ,
683 869 701 888 n
718 846 804 891 hoc
827 857 906 902 est,
929 847 974 891 in
996 864 1183 910 corpore
1201 848 1452 895 constituto,

89 942 108 961 «
133 920 179 965 Si
199 929 337 965 autem
358 927 553 962 mortuus
571 916 724 971 fuerit,
746 938 766 957 »
791 916 876 962 hoc
894 917 955 962 est
974 954 985 972 ,
1007 916 1060 962 de
1077 933 1259 980 corpore
1282 918 1428 964 exierit
1447 936 1458 962 :

90 1011 109 1030 «
131 991 351 1036 Evacuata
373 998 434 1032 est
458 1005 480 1032 a
503 986 591 1045 lege
614 987 708 1033 wiri.
741 986 880 1046 Igitur
898 986 1068 1032 vivente
1090 988 1180 1032 viro
1195 1024 1206 1043 ,
1232 988 1465 1033 vocabitur

92 1082 112 1101 n
132 1059 326 1105 adultera
343 1095 353 1113 ,
379 1058 413 1103 si
429 1057 560 1102 fuerit
578 1074 678 1102 cum
697 1056 778 1101 alio
797 1057 902 1102 viro.
931 1056 976 1102 Si
997 1067 1140 1101 autem
1160 1068 1356 1103 mortuus
1373 1060 1463 1104 fue-

90 1152 111 1172 »
130 1131 187 1176 rit
209 1131 273 1174 vir
295 1132 384 1188 ejus
399 1165 409 1183 ‚
433 1127 615 1172 liberata
639 1137 700 1172 est
724 1145 746 1171 a
771 1127 861 1185 lege
880 1163 890 1180 ‚
915 1136 962 1171 ut
988 1143 1075 1171 non
1095 1127 1149 1171 sit
1169 1126 1365 1173 adultera
1385 1165 1396 1184 ,
1429 1129 1463 1173 si

92 1221 112 1242 ›>
129 1199 260 1245 fuerit
285 1216 385 1244 cum
409 1197 491 1242 alio
515 1196 647 1242 vir01.
676 1218 695 1235 υ
734 1196 841 1239 Haec
868 1196 1000 1240 verba
1026 1196 1223 1258 Apostoli
1249 1198 1369 1242 toties
1404 1215 1467 1243 re-

91 1269 227 1332 petita
241 1303 252 1321 ,
274 1267 397 1311 toties
430 1263 647 1310 inculcata
661 1300 671 1319 ,
708 1280 806 1308 vera
823 1265 946 1321 sunt,
968 1265 1065 1310 viva
1083 1275 1201 1319 sunt,
1223 1282 1324 1310 sana
1346 1277 1463 1321 sunt,

93 1337 224 1402 plana
249 1346 362 1382 sunt.
391 1333 561 1379 Nullius
583 1333 665 1378 viri
681 1333 931 1396 posterioris
954 1334 1107 1379 mulier
1132 1351 1238 1379 uxor
1253 1352 1339 1381 esse
1362 1336 1469 1381 inci-

93 1407 190 1471 pit,
215 1406 296 1451 nisi
315 1403 474 1468 prioris
500 1420 585 1448 esse
617 1402 830 1448 desiverit.
866 1403 965 1448 Esse
997 1414 1138 1448 autem
1173 1403 1338 1450 desinet
1365 1422 1469 1451 uxor

93 1477 277 1542 prioris,
309 1476 342 1521 si
367 1475 575 1520 moriatur
608 1475 674 1519 vir
702 1477 817 1533 ejus;
857 1486 945 1518 non
970 1475 1003 1519 si
1035 1474 1288 1521 fornicetur.
1332 1476 1470 1521 Licite

95 1548 240 1610 itaque
273 1546 509 1591 dimittitur
545 1548 699 1603 conjux
737 1544 795 1589 ob
831 1560 1004 1589 causam
1039 1544 1358 1600 fornicationis;
1397 1546 1471 1591 sed

96 1628 241 1663 manet
260 1615 485 1662 vinculum
511 1616 690 1678 prioris‚
713 1613 1029 1677 propterquod
1054 1615 1103 1659 fit
1128 1631 1225 1659 reus
1245 1615 1466 1672 adulterii,

97 1689 172 1751 qui
198 1686 417 1732 dimissam
448 1684 615 1730 duxerit
632 1686 757 1729 etiam
788 1684 845 1729 ob
870 1700 1042 1729 causam
1068 1684 1378 1732 fornicationis.
1409 1686 1474 1731 Si-

99 1767 174 1803 cut
193 1756 307 1801 enim
346 1765 545 1800 manente
568 1755 613 1799 in
641 1771 682 1799 se
715 1763 982 1799 sacramento
1014 1755 1370 1813 regenerationis,
1409 1772 1476 1801 ex-

99 1826 448 1873 communicatur
468 1828 726 1887 cujusquam
759 1841 854 1869 reus
885 1824 1101 1880 criminis,
1132 1841 1211 1869 nec
1234 1824 1309 1870 illo
1333 1842 1473 1871 sacra-

97 1908 244 1944 mento
281 1906 428 1951 caret,
468 1896 633 1940 etiamsi
663 1911 891 1958 nunquam
917 1895 1219 1940 reconcilietur
1239 1897 1331 1940 Deo
1369 1913 1379 1940 ι
1417 1896 1477 1941 ita

99 1978 298 2014 manente
316 1967 363 2012 in
382 1983 422 2011 se
445 1965 623 2011 vinculo
643 1965 819 2011 foederis
844 1966 1100 2025 conjugalis,
1122 1982 1226 2011 uxor
1239 1966 1476 2012 dimittitur

100 2038 157 2083 ob
174 2054 347 2083 causam
373 2035 686 2090 fornicationis,
717 2053 797 2080 nec
818 2036 984 2081 carebit
1001 2035 1075 2081 illo
1093 2035 1288 2092 vinculo,
1310 2037 1477 2083 etiamsi

100 2124 324 2170 nunquam
351 2105 654 2151 reconcilietur
672 2105 788 2157 vir03
826 2106 991 2151 carebit
1019 2115 1160 2150 autem
1180 2142 1191 2161 ,
1219 2106 1253 2150 si
1280 2117 1476 2152 mortuus

99 2177 229 2223 suerit
246 2178 310 2222 vir
329 2180 432 2235 ejus.
459 2176 576 2220 Reus
603 2191 703 2220 vero
722 2176 1118 2221 excommunicatus
1136 2175 1232 2221 ideo
1251 2193 1478 2239 nunquam

104 2248 273 2294 carebit
303 2245 636 2306 regenerationis
674 2256 940 2291 sacramento
960 2283 969 2300 ‚
1010 2246 1138 2291 etiam
1164 2264 1252 2292 non
1288 2247 1481 2292 reconci-

102 2316 252 2371 liatus,
275 2316 484 2379 quoniam
504 2331 729 2378 nunquam
751 2316 935 2361 moritur
955 2316 1088 2361 Deus.
1109 2317 1320 2362 Remanet
1334 2317 1482 2380 itaque

107 2397 181 2443 ut,
208 2387 242 2432 si
265 2403 412 2449 sapere
437 2384 675 2430 secundum
703 2385 960 2448 Apostolum
996 2385 1218 2437 x-olumus‚
1253 2403 1339 2431 non
1362 2386 1480 2432 dica-

107 2474 204 2503 mus
227 2457 369 2503 virum
396 2455 642 2501 adulterum
658 2473 740 2519 pro
765 2468 937 2502 mortuo
961 2454 1264 2518 deputandum
1281 2493 1291 2509 ‚
1326 2466 1368 2501 et
1383 2456 1483 2502 ideo

105 2526 235 2575 licere
261 2527 380 2572 uxori
399 2530 490 2586 ejus
523 2525 643 2573 alteri
683 2526 860 2574 nubere.
904 2525 1115 2582 Quamvis
1147 2526 1262 2571 enim
1286 2527 1340 2572 sit
1369 2543 1486 2574 mors

160 2614 169 2635 ¹
186 2615 282 2645 Rom.
296 2622 356 2649 vn,
376 2621 409 2649 2,
431 2612 459 2642 3.

245 2678 433 2711 cxxxm.
1303 2663 1362 2709 26
