1758 3246
5 0 16 338 Ξ

0 359 9 616 l

389 307 441 338 DE
478 306 617 338 ornan
653 306 985 349 nomenotzrii,
1026 308 1112 340 mn.
1158 308 1186 340 1.
1388 296 1480 343 533

120 373 229 419 Nam
247 373 452 437 sequitur,
479 383 519 418 et
543 374 650 418 dicit
670 391 680 418 ε
699 394 719 414 «
740 373 786 419 Si
804 373 916 418 enim
942 373 1086 419 volens
1107 375 1191 420 hoc
1207 374 1337 432 faci0,
1360 394 1478 422 mer-

118 465 138 486 »
160 444 307 490 cedem
329 443 516 490 habeo1.
542 466 562 485 »
584 444 804 490 Volentem
825 461 867 489 se
884 443 992 489 dicit
1008 444 1163 501 facere,
1186 446 1219 491 si
1242 447 1360 492 nulla
1379 447 1481 494 vitaz

115 515 246 575 hujus
268 514 498 561 fulcienda?
522 516 767 560 necessitate
793 514 1044 577 compulsus
1070 514 1200 569 facit3
1235 527 1275 562 ct
1307 518 1365 563 ob
1396 518 1484 564 hoc

114 586 276 632 habere
293 585 550 640 mercedem,
574 586 722 649 utique
741 585 859 649 apud
874 586 1011 630 Deum
1028 585 1176 646 gloriae
1190 588 1476 649 sempiternae.

113 678 132 696 «
159 657 204 701 Si
225 667 364 702 autem
382 656 559 711 invitus.
579 657 738 720 inquit,
761 656 1022 719 dispensatio
1044 656 1154 701 mihi
1172 657 1334 703 credita
1353 669 1415 703 est
1434 675 1445 703 z
1461 681 1481 699 »

110 726 156 772 id
176 737 254 783 est,
284 727 317 772 si
341 727 587 773 necessitate
610 726 895 786 transigendae
926 726 1059 787 hujus
1088 726 1189 773 vitae
1211 726 1373 773 invitus
1404 746 1483 774 co—

111 814 187 855 gor
202 796 508 855 evangelizare,
530 818 550 838 «
570 797 839 860 Dispensatio
863 797 974 842 mihi
993 797 1156 843 credita
1179 807 1258 853 est,
1281 818 1302 838 »
1323 808 1370 843 ut
1393 798 1482 844 sci-

109 867 208 912 licet
221 885 267 912 cx
287 866 604 929 dispensatione
619 884 729 922 mea,
753 867 854 930 quia
875 867 1118 923 Christum,
1137 866 1238 929 quia
1258 867 1482 912 veritatem

107 937 303 1001 praedico
319 974 330 993 ,
358 938 554 1000 quamvis
578 955 624 982 ex
648 937 872 983 occasione
887 974 897 993 ‚
927 936 1124 1000 quamvis
1148 953 1241 981 mea
1263 954 1476 1000 quaerens,

108 1007 304 1070 quamvis
338 1007 491 1052 terreni
518 1007 795 1052 emolumenti
824 1007 1073 1052 necessitate
1100 1007 1373 1070 compulsus,
1408 1007 1480 1052 alii

106 1078 354 1140 proficiant,
387 1095 462 1138 ego
493 1089 633 1123 autem
662 1078 779 1142 apud
809 1079 949 1124 Deum
979 1078 1218 1124 mercedem
1250 1078 1478 1138 gloriosam

104 1148 221 1193 illam
247 1149 637 1211 sempiternamque
664 1166 749 1193 non
770 1149 973 1195 habeam.
999 1150 1150 1205 «Quae
1169 1165 1285 1209 ergo,
1314 1148 1474 1211 inquit,

105 1240 125 1260 ›>
149 1235 308 1263 merces
332 1218 441 1263 mihi
466 1218 602 1263 erit¹3
625 1239 646 1258 n
665 1220 937 1278 lnterrogans
963 1218 1070 1263 dixit
1089 1236 1099 1263 :
1121 1229 1351 1282 propterea
1383 1235 1478 1263 sus-

103 1288 332 1351 pendenda
356 1299 415 1333 est
441 1288 736 1350 pronuntiatio
755 1326 765 1344 ‚
803 1288 940 1334 donec
973 1289 1244 1351 respondeat.
1277 1288 1408 1344 Quod
1432 1298 1479 1333 ut

102 1358 270 1403 facilius
303 1358 585 1416 intelligatur,
630 1368 839 1421 tanquam
879 1376 956 1403 nos
996 1375 1095 1403 eum
1133 1358 1470 1417 interrogemus:

104 1430 214 1485 Quae
241 1445 341 1488 ergo
367 1428 448 1473 tibi
472 1445 631 1473 merces
655 1429 751 1484 erit,
786 1429 1004 1491 Apostole⁷
1027 1428 1204 1492 quando
1235 1427 1474 1473 mercedem

102 1499 224 1545 istam
265 1509 475 1544 terrenam
509 1499 637 1544 etiam
674 1499 953 1558 Evangelistis
989 1499 1117 1545 bonis
1145 1499 1356 1550 debitam,
1385 1516 1475 1544 non

101 1580 280 1632 propter
306 1569 394 1614 hoc
419 1568 812 1629 evangelizantibus
832 1607 841 1625 ,
870 1569 941 1614 sed
971 1580 1115 1615 tamen
1143 1579 1471 1633 consequentem

99 1650 142 1684 et
159 1639 351 1685 oblatam
371 1656 415 1684 ex
436 1639 610 1684 Domini
629 1638 899 1684 ordinatione
919 1640 1203 1696 sumentibus,
1225 1650 1274 1684 tu
1293 1656 1379 1684 non
1406 1657 1472 1684 ac-

98 1709 237 1773 cipis)
265 1727 364 1773 quae
384 1726 484 1770 ergo
504 1710 585 1754 tibi
608 1726 769 1755 merces
793 1710 902 1756 erit‘.)
928 1710 1036 1756 Vide
1055 1710 1161 1774 quid
1181 1709 1438 1773 respondeat
1458 1727 1468 1755 ε

98 1800 117 1821 α
147 1781 201 1825 [ft
227 1780 535 1840 evangelizans,
563 1779 721 1842 inquit,
754 1779 841 1824 sine
868 1791 1047 1844 sumptu
1077 1797 1240 1843 ponam
1268 1781 1468 1840 Evange-

98 1872 118 1892 »
141 1851 276 1905 lium,
309 1872 330 1893 n
358 1851 404 1896 id
446 1861 529 1906 est,
563 1860 724 1894 utnon
764 1850 817 1895 sit
859 1851 1135 1896 credentibus
1169 1861 1470 1914 sumptuosum

97 1921 398 1982 Evangelium,
432 1937 484 1965 ne
511 1930 667 1983 putent
699 1919 754 1965 acl
782 1920 868 1966 hoc
902 1921 986 1966 sibi
1019 1920 1318 1981 evangelizari,
1354 1931 1400 1966 ut
1422 1921 1468 1966 id

96 1991 379 2052 Evangelistae
419 1990 541 2053 quasi
582 1988 764 2036 vendere
804 1990 1046 2038 videantur.
1091 1992 1146 2036 Et
1174 2000 1317 2036 tamen
1355 1990 1468 2036 redit

94 2063 222 2108 etiam
244 2074 371 2126 atque
397 2062 526 2107 etiam
543 2098 553 2117 ,
582 2071 631 2106 ut
663 2060 864 2106 ostendat
888 2062 993 2125 quid
1018 2062 1100 2108 sibi
1125 2065 1223 2122 Jure
1247 2061 1466 2107 dominico

93 2132 243 2189 liceat,
270 2143 311 2179 et
339 2133 429 2196 ipse
453 2149 541 2177 non
567 2131 699 2177 faciat
719 2149 729 2176 :
751 2152 769 2172 α
788 2131 846 2177 Ut
873 2150 960 2178 non
985 2134 1165 2189 abutar,
1193 2132 1357 2196 inquit,
1388 2149 1465 2196 po-

93 2224 114 2245 »
138 2215 287 2249 testate
306 2221 399 2249 mea
418 2204 464 2248 in
484 2202 732 2262 Evangelio.
761 2223 781 2243 ›>

157 2275 259 2320 XII.
301 2274 502 2318 Jamvero
530 2272 631 2335 quia
665 2272 907 2318 infirmitati
935 2274 1164 2320 hominum
1190 2274 1460 2336 compatiens

89 2343 136 2388 id
158 2343 364 2399 faciebat,
391 2342 616 2388 audiamus
647 2345 890 2406 sequentia:
915 2346 1062 2390 «Cum
1085 2345 1196 2389 enim
1212 2344 1323 2389 liber
1348 2343 1424 2388 sim
1446 2380 1456 2397 ‚

91 2434 112 2455 >2
128 2414 294 2477 inquit,
318 2431 365 2459 ex
388 2413 616 2468 omnibus,
647 2414 839 2459 omnium
866 2432 933 2459 me
953 2432 1122 2460 servum
1145 2414 1227 2459 feci
1242 2451 1253 2469 ‚
1284 2423 1332 2458 ut
1356 2412 1463 2475 plu—

89 2504 109 2524 »
132 2501 196 2529 res
213 2483 536 2530 lucrifacerem:
558 2483 608 2528 iis
621 2484 695 2546 qui
714 2485 796 2529 sub
827 2483 916 2544 lege
948 2496 1047 2530 sunt
1071 2485 1194 2547 quasi
1217 2484 1298 2529 sub
1329 2483 1420 2542 lege
1443 2520 1453 2537 ‚

88 2575 109 2596 »
132 2571 234 2600 cum
268 2571 354 2600 non
377 2554 457 2599 sim
479 2554 570 2618 ipse
595 2554 674 2599 sub
699 2553 788 2615 lege
803 2592 814 2612 ‚
839 2565 885 2601 ut
915 2572 984 2602 eos
1005 2555 1082 2620 qui
1106 2555 1187 2601 sub
1210 2553 1300 2615 lege
1331 2564 1456 2600 erant

136 2637 147 2661 ¹
179 2647 191 2670 1
216 2639 289 2670 Cor.
321 2638 572 2677 1x‚15·17.—
590 2635 705 2668 21bid.
730 2640 783 2671 18.
