1758 3246
297 339 348 369 aar
384 339 619 369 consuens
656 338 950 368 innueramus
967 359 978 376 ‚
1015 339 1104 368 ma.
1153 341 1201 370 ιι.
1343 325 1435 380 4ιό

68 421 218 450 verans
245 421 257 448 ε
281 404 314 448 si
336 413 479 448 autem
511 403 755 448 accusando
787 400 1027 446 adulteram
1072 403 1311 458 occiderit,
1353 403 1440 448 hoc

68 483 294 535 peccatum
313 472 516 534 quoniam
532 483 793 517 transactum
813 481 899 526 est,
917 481 959 515 et
975 471 1019 515 in
1033 487 1181 515 eonon
1204 483 1439 533 permanet,

69 552 111 586 et
133 543 167 586 si
191 559 215 586 a
234 541 546 587 catechumeno
569 542 731 587 factum
752 552 841 596 est,
874 541 1136 603 baptismate
1161 541 1373 596 abluitur,
1401 552 1442 586 et

70 612 104 656 si
125 629 148 656 a
166 611 389 674 baptizato
403 649 414 667 ,
433 613 691 674 poenitentia
716 623 757 656 et
780 610 1126 656 reconciliatione
1144 621 1330 657 sanatur.
1357 611 1442 656 Sed

70 680 284 743 numquid
308 692 537 744 propterea
572 682 732 727 dicturi
767 697 914 726 sumus
948 679 1210 725 adulterium
1242 697 1330 725 non
1359 697 1444 725 esse

70 750 354 806 adulterium,
392 752 511 815 quod
547 754 635 798 sine
669 752 806 797 dubio
841 751 1133 796 committitur
1149 787 1160 806 ,
1196 751 1230 796 si
1260 754 1444 810 conjuge

71 820 262 867 adultera
284 820 455 866 vivente
479 821 611 867 altera
633 822 840 867 ducitur?
866 820 950 866 Sed
971 821 1056 866 hoc
1078 820 1274 866 adulterii
1293 837 1444 880 genere

69 902 246 954 excepto
260 928 270 945 ,
292 908 447 954 nempe
459 909 546 937 non
561 892 737 937 dubitas
756 908 843 937 esse
858 891 1118 937 adulterium
1137 928 1146 939 .
1169 890 1444 954 siquisquam

71 962 202 1008 ducat
222 962 405 1007 viventis
422 979 594 1007 uxorem
616 981 638 1007 a
652 963 744 1008 viro
763 980 840 1007 suo
852 979 931 1025 per
948 961 1146 1008 libellum
1166 961 1334 1024 repudii
1357 960 1446 1008 sine

72 1031 161 1078 ulla
191 1031 380 1076 mulieris
403 1032 686 1077 fornicatione
704 1033 938 1078 dimissam.
963 1032 1082 1087 Quid
1101 1030 1200 1090 ergo
1223 1068 1232 1081 ,
1254 1048 1354 1076 cum
1377 1031 1445 1077 vi—

70 1101 181 1148 derit
201 1118 242 1146 se
256 1118 334 1146 nec
352 1100 406 1146 ad
425 1102 693 1164 baptismum
713 1102 910 1158 admitti,
931 1102 962 1146 si
984 1101 1322 1146 catechumenus
1335 1139 1346 1155 ,
1366 1118 1445 1147 nec

74 1170 234 1216 utiliter
259 1188 380 1230 agere
405 1172 710 1233 poenitentiam
732 1207 744 1225 ,
773 1172 805 1215 si
825 1171 1070 1232 baptizatus
1093 1170 1179 1215 hoc
1201 1170 1330 1225 fecit,
1358 1187 1446 1215 non

70 1240 326 1299 corrigendo
345 1251 388 1284 et
404 1240 688 1302 relinquendo
712 1239 832 1303 quod
861 1238 962 1285 fecit
983 1276 994 1294 ‚
1024 1240 1057 1284 si
1081 1257 1177 1284 eum
1201 1240 1383 1285 voluerit
1406 1251 1447 1286 et

70 1309 263 1373 potuerit
289 1308 486 1355 occidere
506 1312 632 1369 cujus
659 1309 783 1354 duxit
806 1325 980 1354 uxorem
996 1346 1007 1364 ,
1039 1320 1086 1354 ut
1105 1309 1191 1354 hoc
1216 1310 1353 1355 scelus
1378 1309 1446 1355 vel

70 1379 333 1442 baptismate
352 1378 563 1433 diluatur,
592 1379 657 1424 vel
680 1378 937 1442 poenitendo
966 1378 1157 1425 solvatur
1178 1416 1189 1435 ,
1221 1390 1352 1442 atque
1387 1380 1448 1425 ita

72 1448 200 1495 etiam
228 1448 337 1494 illud
362 1449 620 1494 adulterium
642 1467 730 1495 non
748 1461 1000 1512 permaneat
1019 1487 1029 1505 ,
1049 1460 1254 1495 evacuata
1270 1450 1449 1496 muliere

73 1537 96 1565 a
124 1519 213 1579 lege
231 1519 314 1564 viri
338 1531 442 1582 post
468 1531 649 1565 mortem
674 1521 754 1566 viri
772 1558 783 1576 ,
804 1520 878 1566 sed
898 1520 951 1565 de
968 1531 1183 1565 transacto
1207 1520 1325 1583 quod
1352 1521 1448 1567 fac-

77 1600 167 1634 tum
185 1599 247 1633 est
261 1625 271 1640 ,
297 1605 376 1651 per
392 1589 696 1652 poenitentiam
715 1590 894 1634 satisfiat
907 1626 919 1645 ,
955 1589 1019 1634 vel
1038 1590 1355 1648 regeneratione
1376 1589 1448 1635 de-

73 1658 237 1712 leatur3
276 1659 491 1722 numquid
523 1670 751 1722 propterea
780 1670 842 1704 est
880 1659 1123 1705 accusanda
1154 1659 1217 1704 lex
1249 1660 1443 1716 Christi,

75 1740 278 1792 tanquam
299 1729 561 1792 compulerit
582 1730 676 1775 fieri
700 1729 1012 1784 homicidium,
1042 1746 1143 1774 cum
1163 1729 1252 1775 sine
1265 1730 1445 1775 crimine

72 1797 365 1844 fornicationis
390 1798 663 1862 repudiatam
684 1799 842 1844 ducere
861 1836 871 1854 ,
899 1799 1008 1844 dicit
1031 1816 1117 1844 esse
1145 1799 1444 1845 adulterium?

138 1869 279 1915 XVll.
315 1869 398 1913 Hic
416 1869 592 1923 enim,si
606 1886 761 1931 parum
784 1868 891 1931 quid
911 1869 1143 1931 loquamur
1162 1868 1446 1926 attendimus,

76 1938 213 1985 multo
227 1938 422 1998 graviora
439 1938 524 1983 dici
539 1949 721 2002 possunt
736 1956 864 2002 quam
877 1940 968 2001 ipse
981 1939 1137 1985 dixisti.
1154 1939 1263 1984 Nam
1280 1950 1328 1985 tu
1344 1939 1451 1986 dum

76 2027 164 2055 non
181 2010 244 2055 vis
263 2025 347 2054 esse
371 2008 604 2064 adulteria,
629 2009 662 2053 si
675 2009 769 2054 aliae
788 2008 1008 2054 ducantur
1023 2008 1207 2053 dimissis
1225 2008 1446 2063 adulteris,

77 2080 162 2125 hoc
183 2079 387 2125 invenisti
413 2096 424 2123 ς
463 2080 719 2134 «Quoniam
745 2079 779 2123 si
809 2079 909 2123 haec
942 2077 1152 2124 adulteria
1183 2077 1415 2124 dixerimus
1437 2116 1447 2129 ,

78 2170 100 2190 »
122 2157 331 2208 cogentur
353 2148 499 2193 mariti
525 2148 723 2193 occidere
761 2147 976 2194 adulteras
999 2185 1010 2203 ,
1039 2165 1225 2211 quarum
1248 2148 1336 2194 vita
1364 2150 1452 2194 im—

79 2242 100 2268 »
122 2218 363 2282 pediuntur
383 2217 533 2264 alteras
552 2217 725 2264 ducere.
747 2240 767 2259 ›>
793 2220 934 2281 Atque
966 2229 1015 2263 ut
1035 2218 1121 2264 hoc
1153 2236 1420 2278 exaggerares
1439 2257 1449 2270 ,

77 2288 220 2335 dixisti
244 2307 255 2334 :
284 2290 412 2334 «Non
430 2288 540 2334 mihi
559 2287 745 2345 videtur,
770 2289 1058 2334 amantissime
1079 2299 1220 2352 pater,
1246 2290 1318 2334 hic
1337 2288 1454 2335 divi-

80 2383 100 2403 »
122 2378 202 2407 nus
225 2376 311 2405 esse
334 2376 502 2413 sensus,
533 2359 610 2404 ubi
639 2359 882 2419 benignitas
915 2372 956 2404 et
991 2360 1127 2422 pietas
1150 2359 1407 2404 excluditur.
1433 2381 1454 2400 n

80 2432 126 2477 Si
149 2445 250 2490 ergo
269 2430 488 2493 quispiam
520 2429 669 2474 nolens
695 2429 869 2475 credere
891 2447 976 2475 esse
996 2428 1255 2474 adulterium
1278 2429 1455 2492 quando

80 2501 279 2549 amarito
307 2502 397 2546 sine
427 2501 725 2546 fornicationis
760 2501 941 2546 crimine
973 2500 1204 2563 repudiata
1237 2500 1292 2544 ab
1325 2499 1456 2546 altero

79 2572 280 2626 ducitur,
305 2581 349 2616 et
370 2571 459 2617 hoc
473 2582 637 2617 contra
654 2582 695 2617 te
710 2572 930 2626 inveniat,-
957 2571 1058 2633 quia
1079 2570 1156 2615 ista
1176 2570 1341 2616 ratione
1356 2587 1460 2617 sua—

82 2632 209 2688 detur
232 2641 487 2686 hominibus
499 2641 738 2687 homicidia
757 2651 1021 2704 perpetrare,
1040 2651 1081 2686 et
1097 2657 1244 2686 earum
1261 2642 1454 2697 maritos,
