1758 3246
372 292 426 323 DE
463 291 584 323 Bono
621 291 885 334 comeam,
927 293 1012 325 rm.
1056 295 1085 324 1.
1324 281 1413 344 257

49 366 192 403 tamen
203 356 309 403 huic
328 358 511 420 tempori
528 359 761 404 necessaria
772 368 856 402 est:
881 378 901 398 α
923 357 1124 403 Charitas
1141 369 1283 405 autem
1302 377 1413 407 nun-

50 447 70 468 »
92 426 418 490 quamcadet1.
450 449 469 469 »
495 428 568 473 Sic
592 438 633 473 et
651 427 840 473 mortalis
856 427 935 472 ista
959 429 1175 486 generatio
1193 467 1203 484 ,
1231 441 1413 493 propter

48 514 178 560 quam
196 499 308 543 fiunt
325 497 492 560 nuptiae
510 534 520 553 ,
548 497 792 542 destruetur
813 514 823 541 ε
842 497 898 541 ab
921 497 1040 542 omni
1076 507 1219 543 autem
1246 516 1417 546 concu-

47 566 145 613 bitu
166 566 432 622 immunitas,
461 567 587 612 ethic
601 567 791 626 angelica
805 566 1028 612 meditatio
1040 578 1120 623 est,
1142 578 1417 631 etpermanet

45 653 90 681 m
116 647 337 682 aeternum.
369 635 492 681 Sicut
531 647 672 681 autem
691 636 867 695 jejuniis
900 636 1205 696 sacrilegorum
1238 638 1415 684 meliora

46 716 146 750 sunt
169 705 354 768 prandia
372 709 591 764 justorum
614 724 625 752 ε
669 706 729 751 ita
752 706 919 769 nuptiae
950 706 1146 752 fidelium
1178 708 1417 766 virginitati

46 785 368 838 anteponuntur
393 775 642 838 impiarum.
670 777 976 828 Verumtamen
1009 792 1148 839 neque
1177 776 1241 821 ibi
1278 794 1417 839 pran-

45 845 166 890 dium
183 845 345 904 jejunio
362 880 374 899 ‚
400 845 473 888 sed
491 845 661 903 justitia
682 845 931 906 sacrilegio:
971 862 1112 908 neque
1146 846 1221 892 hic
1247 848 1420 910 nuptiae

44 914 308 973 virginitati,
331 913 404 958 sed
421 913 527 959 fides
550 914 763 978 impietati
799 915 1044 978 praefertur.
1077 915 1145 961 Ad
1180 916 1266 962 hoc
1306 919 1419 963 enim

41 984 164 1043 justi,
187 1000 288 1029 cum
314 1000 423 1046 opus
450 993 529 1039 est,
563 984 797 1047 prandent,
826 995 875 1030 ut
894 995 1102 1048 tanquam
1125 986 1232 1031 boni
1256 986 1423 1032 domini

46 1052 163 1115 quod
182 1056 350 1111 justum
373 1063 414 1097 et
433 1069 611 1116 aequum
641 1065 702 1099 est
729 1054 858 1101 servis
882 1056 1143 1119 corporibus
1162 1057 1418 1119 praebeant:

46 1122 100 1168 ad
116 1122 203 1167 hoc
226 1133 367 1168 autem
387 1123 582 1182 sacrilegi
595 1127 796 1183 jejunant
810 1161 821 1180 ,
842 1135 891 1169 ut
914 1125 1192 1170 daemonibus
1213 1125 1415 1172 serviant.

47 1193 118 1238 Sic
138 1193 191 1239 ad
218 1194 303 1239 hoc
314 1193 490 1239 nubunt
512 1193 659 1239 fideles
673 1230 684 1249 ,
706 1205 755 1239 ut
772 1194 935 1239 maritis
953 1193 1115 1257 pudice
1133 1194 1419 1257 copulentur:

46 1262 100 1307 ad
119 1262 204 1307 hoc
232 1274 376 1308 autem
403 1273 506 1308 sunt
531 1263 714 1322 virgines
739 1264 905 1326 impiae,
930 1273 979 1308 ut
1004 1282 1028 1308 a
1047 1280 1149 1310 vero
1167 1265 1260 1308 Deo
1283 1263 1424 1309 forni-

46 1343 210 1378 centur.
233 1332 358 1377 Sicut
376 1348 476 1390 ergo
500 1332 668 1376 bonum
703 1343 794 1377 erat
830 1331 950 1395 quod
991 1332 1167 1377 Martha
1201 1331 1391 1379 faciebat
1408 1371 1420 1390 ‚

46 1412 259 1465 occupata
282 1402 398 1447 circa
418 1401 704 1446 ministerium
727 1412 976 1447 sanctorum
993 1439 1003 1458 ‚
1031 1401 1105 1447 sed
1128 1401 1280 1448 melius
1303 1403 1424 1466 quod

46 1473 184 1519 Maria
210 1489 329 1518 soror
351 1475 442 1531 ejus
464 1471 612 1517 sedens
632 1471 688 1517 ad
701 1471 833 1535 pedes
854 1471 1049 1527 Domini,
1069 1482 1111 1517 et
1131 1472 1310 1518 audiens
1326 1490 1420 1520 Ver-

45 1543 153 1589 bum
190 1546 281 1602 ejus
305 1543 323 1571 2
346 1559 357 1587 ε
387 1542 447 1587 ita
467 1542 634 1587 bonum
667 1542 876 1588 Susannae
914 1542 960 1587 in
983 1542 1202 1602 conjugali
1227 1543 1424 1589 castitate

44 1613 273 1659 laudamus
285 1612 302 1641 3
322 1632 333 1666 ;
351 1611 423 1658 sed
444 1621 584 1657 tamen
598 1611 635 1657 ei
651 1612 819 1657 bonum
836 1611 982 1658 viduae
1002 1613 1141 1657 Annae
1156 1611 1194 1668 Δ,
1219 1629 1268 1658 ac
1281 1612 1422 1658 multo

44 1683 180 1743 magis
203 1683 353 1729 Mariae
376 1681 554 1741 virginis
579 1683 882 1745 anteponimus
904 1682 937 1729 5.
968 1683 1140 1728 Bonum
1173 1693 1264 1728 erat
1300 1683 1422 1746 quod

45 1753 264 1799 faciebant
279 1790 291 1809 ,
315 1769 414 1816 quae
435 1752 488 1797 de
511 1751 752 1797 substantia
779 1769 855 1798 sua
888 1752 1065 1798 Christo
1088 1769 1137 1798 ac
1179 1752 1421 1816 Discipulis

45 1827 133 1883 ejus
152 1823 385 1869 necessaria
404 1821 711 1868 ministrabant
729 1842 740 1876 3
758 1822 831 1868 sed
846 1822 998 1868 melius
1014 1823 1091 1886 qui
1111 1839 1282 1868 omnem
1298 1839 1421 1868 suam

46 1893 332 1939 substantiam
355 1892 634 1949 dimiserunt,
662 1903 712 1938 ut
727 1892 1010 1956 expeditiores
1037 1892 1238 1938 eumdem
1263 1893 1423 1938 Domi-

46 1981 151 2010 num
171 1973 463 2027 sequerentur.
513 1964 565 2008 In
604 1963 674 2009 his
711 1973 856 2009 autem
882 1963 997 2008 binis
1035 1963 1186 2019 bonis,
1210 1963 1297 2009 sive
1320 1979 1423 2027 quae

45 2035 138 2092 isti,
164 2034 250 2082 sive
272 2051 372 2098 quae
390 2034 564 2079 Martha
580 2044 624 2079 et
641 2035 778 2080 Maria
793 2034 1032 2091 faciebant,
1054 2034 1149 2080 fieri
1166 2051 1255 2080 non
1276 2044 1421 2098 posset

45 2105 166 2169 quod
179 2104 330 2150 melius
348 2113 427 2160 est,
447 2104 529 2149 nisi
550 2104 683 2150 altero
705 2105 995 2167 praetermisso
1017 2114 1091 2147 aut
1108 2103 1270 2150 relicto.
1299 2104 1426 2150 Unde

45 2173 373 2234 intelligendum
387 2183 475 2228 est,
507 2189 596 2219 non
618 2173 716 2219 ideo
735 2172 900 2218 malum
925 2171 1174 2235 putandum
1193 2188 1281 2217 esse
1303 2188 1427 2235 nup-

46 2245 148 2301 tias,
175 2244 277 2308 quia
299 2243 381 2289 nisi
420 2243 475 2288 ab
494 2243 552 2289 eis
587 2244 871 2299 abstineatur,
903 2259 992 2288 non
1015 2252 1159 2305 potest
1181 2241 1338 2287 haberi
1361 2241 1425 2287 vi-

48 2314 185 2360 dualis
195 2314 366 2359 castitas
388 2323 463 2357 aut
484 2312 706 2372 virginalis
730 2312 967 2373 integritas.
994 2314 1146 2376 Neque
1175 2311 1291 2357 enim
1327 2310 1426 2356 ideo

49 2381 212 2428 malum
233 2394 324 2428 erat
341 2382 462 2447 quod
481 2383 658 2429 Martha
680 2383 893 2438 faciebat,
915 2383 1019 2446 quia
1050 2383 1131 2427 nisi
1154 2381 1254 2427 inde
1285 2381 1427 2426 absti-

48 2463 167 2499 neret
199 2468 317 2498 soror
332 2459 439 2511 eJus,
469 2470 558 2500 non
576 2453 736 2500 faceret
752 2453 873 2518 quod
892 2453 1044 2499 melius
1069 2463 1159 2498 erat
1182 2470 1192 2496 ε
1223 2461 1295 2497 aut
1326 2450 1424 2496 ideo

99 2542 111 2566 ¹
134 2554 148 2575 1
170 2544 245 2576 Cor.
269 2552 344 2580 xm,
372 2542 404 2573 8.
431 2559 475 2570 —
500 2540 518 2565 2
540 2545 620 2580 Luc.
638 2557 676 2590 x,
695 2547 749 2590 39,
770 2552 824 2584 40,
842 2564 886 2573 .-
905 2543 919 2571 3
938 2548 1020 2579 Dan,
1041 2555 1116 2585 xm,
1139 2554 1191 2577 22,
1210 2559 1254 2568 .-
1272 2540 1286 2567 ⁴
1304 2544 1381 2575 Luc.
1395 2549 1436 2580 11,

56 2598 111 2634 36.
129 2616 171 2624 -
191 2595 206 2620 ⁵
222 2597 270 2629 1d.
285 2608 310 2635 1,
326 2608 381 2637 27·

200 2663 379 2696 cxxx111.
1258 2664 1310 2710 ¹7
