1758 3246
25 269 28 296 ³
69 280 369 314 Encmmmon
405 281 460 312 niz
497 281 616 321 rima,
646 281 720 311 SPE
754 280 807 310 Er
842 281 1107 323 CHARITATE,
1136 281 1226 314 ΗΒ.
1269 281 1299 313 1.
1350 265 1436 314 103

23 338 25 380 l
70 358 192 403 tura,
219 349 264 394 in
305 358 518 412 quantum
550 357 704 392 natura
741 357 828 402 θεῖ,
862 347 1030 392 bonum
1059 358 1144 403 est,
1173 348 1286 394 nihil
1324 347 1443 396 aliud

68 418 155 464 dici
177 418 392 474 videatur,
418 435 520 463 cum
549 418 704 463 vitiosa
726 428 878 463 natura
912 416 1026 461 mala
1047 434 1132 462 esse
1152 429 1306 464 natura
1327 419 1443 466 dici-

68 498 156 542 tur,
182 488 263 533 nisi
280 487 443 533 malum
463 504 549 532 esse
567 486 687 551 quod
711 487 878 532 bonum
903 497 989 532 cst:
1025 503 1103 531 nec
1136 487 1300 532 malum
1326 506 1411 535 esse
1428 526 1441 546 ,

67 556 147 602 nisi
169 557 289 620 quod
306 557 475 603 bonum
492 567 579 611 est;
603 557 809 620 quoniam
826 557 964 602 omnis
985 567 1138 601 natura
1154 556 1322 601 bonum
1347 569 1407 603 est
1429 595 1440 615 ‚

64 643 215 673 necres
239 626 503 692 aliquamala
525 637 653 683 esset,
674 627 708 672 si
733 644 797 672 res
810 627 922 690 ipsa,
945 644 1045 690 quae
1062 626 1176 671 mala
1196 637 1274 682 est,
1292 637 1446 673 natura

64 714 152 743 non
174 708 291 745 esset.
326 699 424 743 Non
439 697 572 757 igitur
588 708 731 760 potest
754 714 840 743 esse
858 696 1041 752 malum,
1057 696 1139 741 nisi
1160 696 1335 760 aliquod
1359 697 1447 742 bo-

67 783 185 814 num.
216 766 348 824 Quod
365 784 466 814 cum
489 767 578 813 dici
601 767 799 814 videatur
833 766 1019 813 absurde
1035 804 1046 822 ‚
1074 767 1282 813 connexio
1302 778 1447 813 tamen

64 837 403 884 ratiocinationis
438 839 572 899 hujus
604 838 723 885 velut
767 838 1076 885 inevitabiliter
1112 855 1188 884 nos
1224 837 1450 902 compellit

62 907 149 954 hoc
175 909 330 956 dicere.
363 911 418 955 Et
457 909 699 956 cavendum
732 921 794 956 est
817 947 828 965 ‚
871 927 923 955 ne
956 908 1201 956 incidamus
1238 909 1285 954 in
1324 909 1445 956 illam

61 980 370 1044 propheticam
399 982 668 1038 sententiam,
692 981 769 1026 ubi
781 980 939 1040 legitur
958 998 968 1025 ε
989 1003 1008 1022 ι(
1027 980 1104 1027 Vae
1124 980 1176 1026 iis
1201 981 1276 1044 qui
1291 979 1446 1027 dicunt

62 1070 83 1091 »
106 1050 227 1113 quod
258 1051 426 1096 bonum
450 1062 512 1097 est
530 1051 696 1097 malum
713 1087 724 1105 ,
745 1061 788 1095 θῖ
820 1050 942 1114 quod
970 1050 1135 1096 malum
1169 1061 1231 1095 est
1248 1050 1441 1106 bonum3

61 1141 83 1162 ἲ)
101 1121 178 1184 qui
194 1119 349 1165 dicunt
372 1120 570 1165 tenebras
586 1119 731 1165 lucem
765 1131 806 1165 et
844 1119 987 1166 lucem
1015 1120 1240 1173 tenebras;
1275 1121 1352 1184 qui
1371 1120 1446 1166 di-

62 1211 82 1232 »
105 1200 212 1236 cunt
232 1189 360 1235 dulce
388 1206 584 1235 amarum
605 1226 617 1246 ,
651 1200 693 1235 θῖ
720 1206 915 1235 amarum
954 1189 1082 1234 dulce
1102 1188 1133 1235 1.
1169 1211 1189 1230 ›>
1213 1190 1269 1234 Et
1299 1200 1444 1236 tamen

62 1260 379 1307 Dominus'ait:
403 1281 425 1301 (ε
451 1259 592 1306 Malus
623 1260 759 1306 homo
781 1258 834 1305 de
851 1259 966 1305 malo
990 1258 1195 1304 thesauro
1216 1259 1360 1306 cordis
1384 1260 1450 1307 sui

62 1351 82 1372 >2
109 1330 402 1393 profert-mala
419 1331 452 1377 2.
485 1352 505 1371 »
525 1329 647 1386 Quid
667 1340 730 1376 est
753 1341 897 1376 autem
915 1330 1056 1376 malus
1080 1329 1215 1375 homo
1234 1330 1315 1375 nisi
1335 1330 1450 1376 mala

61 1411 242 1454 natura3
270 1401 374 1464 quia
397 1401 530 1446 homo
559 1411 713 1447 natura
735 1404 828 1446 est?
871 1401 1009 1446 Porro
1037 1401 1071 1446 si
1097 1400 1232 1446 homo
1266 1401 1446 1464 aliquod

60 1471 228 1517 bonum
248 1482 323 1526 est,
342 1471 446 1535 quia
463 1482 620 1518 natura
636 1482 716 1527 θεῖ,
737 1471 847 1535 quid
858 1482 920 1517 est
929 1471 1069 1517 malus
1082 1468 1238 1528 homo,
1260 1471 1341 1516 nisi
1359 1489 1449 1517 ma-

59 1541 150 1588 lum
174 1542 371 1588 bonum?
393 1543 559 1587 Tamen
591 1558 692 1588 cum
712 1542 800 1587 duo
831 1542 913 1588 ista
938 1541 1221 1587 discernimus
1236 1578 1248 1597 ,
1275 1542 1452 1588 ini-eni-

60 1628 157 1657 mus
178 1629 257 1656 nec
273 1611 370 1657 ideo
381 1611 546 1657 malum
559 1613 662 1675 quia
676 1612 811 1658 homo
829 1622 891 1658 est
906 1649 917 1668 ‚
940 1628 1018 1658 nec
1032 1611 1130 1657 ideo
1151 1611 1317 1657 bonum
1339 1612 1442 1675 quia

58 1682 236 1746 iniquus
252 1692 339 1736 est;
363 1681 436 1728 sed
457 1683 625 1728 bonum
642 1683 746 1746 quia
764 1683 919 1739 homo,
943 1682 1107 1728 malum
1126 1681 1229 1745 quia
1248 1681 1439 1746 iniquus.

60 1753 268 1815 Quisquis
292 1769 392 1812 ergo
412 1751 545 1798 dicit:
571 1752 735 1798 Malum
759 1762 820 1798 est
844 1753 1069 1798 hominem
1095 1769 1199 1808 esse,
1222 1765 1324 1799 aut:
1349 1758 1437 1799 Bo-

58 1840 165 1869 num
185 1833 247 1869 est
270 1822 474 1886 iniquum
496 1839 582 1867 esse
601 1840 610 1866 :
637 1822 730 1885 ipse
755 1822 912 1869 incidit
929 1823 976 1868 in
998 1823 1304 1886 propheticam
1323 1823 1443 1870 illam

59 1893 337 1949 sententiam,
365 1892 476 1939 «Vae
498 1891 550 1938 iis
569 1892 645 1955 qui
662 1892 817 1938 dicunt
834 1893 954 1957 quod
974 1893 1143 1939 honum
1167 1904 1229 1939 est
1249 1893 1413 1939 malum
1428 1931 1439 1950 ,

59 1983 80 2004 n
96 1973 138 2008 et
163 1963 284 2027 quod
311 1961 478 2008 malum
512 1973 574 2008 est
598 1962 781 2010 bonurn.
807 1985 827 2006 ›>
857 1965 986 2027 Opus
1010 1964 1126 2010 enim
1149 1964 1231 2009 Dei
1259 1963 1414 2027 culpat
1436 2001 1446 2021 ,

59 2033 179 2097 quod
201 2044 264 2079 θεῖ
285 2033 444 2089 homo,
469 2043 510 2078 et
544 2032 703 2078 vitium
736 2033 930 2079 hominis
959 2033 1110 2080 laudat
1131 2033 1252 2098 quod
1276 2044 1338 2079 est
1357 2033 1442 2080 ini-

58 2104 213 2167 quitas.
251 2103 407 2149 Omnis
428 2102 575 2165 itaque
590 2112 748 2148 natura
762 2103 928 2149 etiamsi
950 2103 1107 2149 vitiosa
1128 2114 1190 2149 est
1207 2141 1218 2161 ,
1240 2104 1285 2149 in
1302 2120 1446 2166 quan-

56 2185 151 2220 tum
174 2184 330 2220 natura
357 2183 419 2219 est
435 2209 445 2228 ‚
468 2173 585 2218 bona
605 2183 666 2218 est
685 2193 695 2227 ;
712 2173 758 2219 in
790 2184 1007 2237 quantum
1027 2174 1181 2221 vitiosa
1217 2185 1305 2230 est,
1334 2174 1446 2219 mala

57 2255 136 2292 est.
170 2245 452 2308 Quapropter
471 2242 517 2288 in
543 2242 594 2288 iis
619 2244 849 2289 contrariis
864 2282 875 2301 ‚
897 2262 997 2309 quae
1029 2244 1144 2291 mala
1164 2254 1206 2290 et
1221 2244 1339 2290 bona
1362 2261 1446 2288 vo-

59 2325 241 2370 cantur,
284 2313 359 2359 illa
373 2312 712 2358 Dialecticorum
741 2314 889 2374 regula
931 2315 1105 2371 deficit,
1145 2331 1232 2378 qua
1264 2313 1444 2360 dicunt:

60 2384 180 2440 Nulli
207 2383 270 2430 rei
287 2383 375 2429 duo
397 2383 528 2429 simul
551 2383 684 2429 inesse
707 2385 940 2432 contraria.
965 2385 1120 2432 Nullus
1139 2384 1253 2430 enim
1278 2389 1354 2429 abr
1382 2384 1444 2428 si-

56 2449 148 2495 mul
173 2459 235 2494 est
253 2459 296 2493 et
316 2440 566 2493 tenebrosus
592 2457 634 2492 θῖ
665 2447 840 2495 lucidus
864 2467 874 2494 :
907 2449 1052 2496 nullus
1073 2449 1199 2495 cibus
1225 2459 1300 2493 aut
1315 2459 1446 2511 potus

57 2519 184 2566 simul
205 2518 346 2566 dulcis
365 2529 409 2564 et
427 2535 595 2565 amarus
614 2536 624 2564 ε
642 2518 812 2567 nullum
831 2537 992 2585 corpus
1019 2519 1146 2567 simul
1170 2518 1248 2564 ubi
1270 2518 1440 2576 album,

103 2607 113 2629 ¹
132 2607 203 2640 Isai.
223 2617 256 2645 v,
277 2618 330 2639 20.
352 2624 393 2629 --
416 2605 432 2627 ²
448 2605 567 2638 Manli.
589 2616 649 2644 κη,
667 2607 720 2637 35.
