1758 3246
351 314 413 362 58
772 330 808 362 s.
850 329 1095 361 Aucus'nm
1132 330 1335 362 Emscorx

352 415 375 436 >›
397 403 481 450 est,
515 404 559 440 et
582 411 659 455 ego
680 394 847 441 mundo
863 395 902 442 1.
927 416 948 437 >2
977 395 1166 441 Proinde
1197 397 1423 443 attendant
1438 433 1449 452 ‚
1480 407 1523 443 et
1551 396 1727 443 videant

350 464 719 528 quemadmodum
749 466 957 512 doceatur
991 477 1119 529 atque
1148 466 1320 512 dicatur
1351 467 1553 514 Christus
1577 467 1727 513 cruci-

351 536 475 592 fixus,
503 546 546 580 et
571 535 625 581 ad
648 539 739 595 ejus
766 553 940 582 crucem
963 537 1165 581 noverint
1192 537 1423 598 pertinere,
1453 537 1573 600 quod
1598 537 1728 585 etiam

349 622 428 650 nos
461 605 507 650 in
542 609 632 665 ejus
655 621 837 667 corpore
870 605 1169 664 crucifigimur
1193 605 1388 659 mundo;
1415 606 1494 651 ubi
1520 606 1728 666 intelligi-

349 685 423 721 tur
441 676 580 721 omnis
602 675 814 721 coercitio
841 674 1055 722 malarum
1078 676 1550 739 concupiscentiarum,
1582 693 1633 722 ac
1649 692 1729 740 per

350 746 437 791 hoc
455 746 547 791 fieri
567 763 656 791 non
673 756 832 808 potest,
865 757 915 791 ut
937 746 995 791 eis
1015 746 1092 809 qui
1110 763 1238 791 cruce
1272 746 1439 792 Christi
1463 746 1725 803 formantur,

348 816 539 878 professa
563 815 772 862 adulteria
794 816 1116 878 permittantur.
1144 817 1256 862 Nam
1270 827 1312 862 et
1336 815 1558 880 apostolus
1576 816 1730 862 Petrus

348 885 401 930 de
425 896 693 931 sacramento
714 886 850 948 ipsius
867 887 1026 942 crucis,
1064 886 1151 932 hoc
1178 896 1258 942 est,
1287 886 1496 950 passionis
1528 887 1725 944 Christi,

350 954 554 1000 admonet
571 992 583 1011 ,
617 966 667 1000 ut
697 956 775 1018 qui
799 972 849 1000 ea
873 967 1180 1002 consecrantur
1202 972 1382 1019 peccare
1415 955 1637 1012 desinant,
1664 957 1726 1002 ita

348 1025 530 1089 loquens
553 1044 564 1071 ε
593 1025 810 1071 «Christo
836 1041 936 1085 ergo
954 1043 1082 1089 passo
1102 1027 1149 1072 in
1165 1043 1295 1072 carne
1319 1037 1362 1071 et
1381 1043 1457 1072 vos
1480 1025 1629 1072 eadem
1648 1044 1730 1073 co·-

349 1117 370 1137 »
394 1096 600 1155 gitatione
618 1095 845 1140 armamini
867 1114 878 1148 3
904 1095 1008 1159 quia
1033 1095 1111 1157 qui
1133 1105 1329 1140 mortuus
1345 1107 1407 1140 est
1429 1113 1576 1152 carne,
1604 1096 1731 1142 desiit

349 1187 370 1206 »
391 1182 588 1228 peccare,
611 1176 660 1211 ut
678 1168 875 1224 jamnon
891 1164 1119 1210 hominum
1140 1163 1378 1219 desideriis,
1408 1164 1482 1209 sed
1506 1164 1732 1211 voluntate

349 1257 370 1277 >›
396 1236 573 1281 Domini
587 1236 667 1281 Dei
680 1234 896 1298 reliquum
916 1235 961 1280 in
980 1252 1108 1280 carne
1127 1235 1274 1280 vivat2
1301 1251 1311 1278 ε
1335 1255 1355 1275 »
1372 1245 1415 1279 et
1437 1245 1611 1289 caetera,
1634 1236 1732 1298 qui-

348 1306 434 1351 hus
454 1316 766 1370 consequenter
803 1304 1007 1361 ostendit,
1036 1321 1136 1350 eum
1165 1305 1378 1368 pertinere
1420 1304 1473 1349 ad
1505 1304 1732 1350 Christum

347 1376 620 1431 crucifixum,
657 1375 744 1419 hoc
779 1385 865 1430 est,
904 1391 982 1437 per
1017 1391 1188 1420 carnem
1214 1391 1407 1436 passum,
1449 1374 1526 1436 qui
1557 1374 1603 1418 in
1641 1378 1731 1434 ejus

346 1463 529 1509 corpore
559 1444 775 1491 crucifixis
822 1445 1068 1490 carnalibus
1103 1444 1323 1490 desideriis
1370 1444 1480 1489 bene
1519 1444 1626 1490 vivit
1649 1461 1729 1507 per

347 1516 645 1576 Evangelium.

411 1586 529 1632 XVI.
573 1585 711 1642 Quid,
743 1585 864 1650 quod
883 1586 1011 1630 etiam
1032 1584 1121 1628 duo
1141 1583 1213 1628 illa
1229 1594 1468 1646 praecepta,
1496 1583 1542 1628 in
1566 1583 1728 1647 quibus

346 1657 560 1702 Dominus
587 1657 644 1701 ait
664 1666 800 1701 totam
829 1657 986 1715 Legem
1018 1653 1346 1716 prophetasque
1367 1653 1575 1716 pendere,
1620 1653 1727 1699 huic

343 1744 433 1772 suae
454 1726 653 1789 opinioni
676 1725 899 1785 suffragari
920 1724 1219 1770 arbitrantur?
1247 1733 1289 1768 et
1314 1723 1375 1768 sic
1394 1740 1443 1768 ea
1464 1740 1727 1768 commemo-

344 1808 459 1853 rant,
488 1808 535 1842 ut
559 1797 766 1861 quoniam
793 1797 985 1859 primum
1011 1804 1285 1858 praeceptum
1299 1793 1468 1839 dictum
1485 1804 1548 1839 est
1570 1811 1581 1838 :
1604 1814 1625 1834 «
1643 1794 1728 1839 Di-

344 1891 366 1910 »
390 1869 492 1928 liges
516 1868 753 1913 Dominum
790 1869 932 1912 Deum
956 1877 1081 1911 tuum
1118 1883 1166 1910 ex
1192 1875 1283 1910 toto
1312 1864 1443 1910 corde
1475 1875 1565 1920 tuo,
1610 1875 1652 1909 et
1676 1882 1725 1910 ex

344 1961 364 1980 »
388 1949 477 1984 tota
505 1938 648 1984 anima
671 1948 762 1992 tua,
783 1948 826 1982 et
846 1955 893 1982 ex
915 1947 1001 1982 tota
1026 1946 1167 1980 mente
1186 1945 1261 1979 tua
1283 1953 1294 1978 t
1323 1934 1563 1979 secundum
1583 1945 1728 1980 autem

346 2031 366 2051 »
390 2007 530 2055 simile
555 2007 662 2052 huic
692 2025 702 2051 :
731 2007 891 2067 Diliges
920 2005 1165 2069 proximum
1199 2014 1324 2048 tuum
1349 2014 1558 2067 tanquam
1595 2015 1635 2050 te
1660 2005 1728 2068 ip-

346 2101 367 2121 »
393 2077 530 2124 sum3.
558 2100 578 2119 »
611 2077 803 2140 primum
842 2075 1022 2122 credant
1059 2074 1278 2138 pertinere
1312 2073 1366 2118 ad
1407 2074 1723 2138 baptizandos,

346 2150 425 2194 ubi
443 2147 618 2193 dilectio
639 2147 717 2193 Dei
730 2146 1015 2210 praecipitur3
1038 2144 1279 2189 secundum
1300 2154 1442 2189 autem
1463 2144 1519 2190 ad
1532 2145 1728 2208 baptiza-

344 2230 410 2264 tos
429 2255 439 2273 ‚
468 2217 548 2263 ubi
564 2217 769 2263 videntur
787 2234 873 2262 esse
886 2232 1026 2261 mores
1043 2214 1378 2260 conversationis
1397 2214 1604 2261 humanae
1625 2232 1637 2260 t
1667 2216 1728 2261 sic

350 2289 477 2336 obliti
501 2288 621 2352 quod
641 2288 853 2351 scriptum
877 2297 939 2332 est
963 2304 974 2332 ι
1001 2307 1021 2327 «
1042 2285 1087 2331 Si
1110 2285 1287 2331 fratrem
1309 2296 1434 2331 tuum
1457 2302 1586 2349 quem
1609 2285 1728 2332 vides

348 2381 369 2402 2>
393 2377 481 2405 non
516 2358 682 2417 diligis,
711 2360 852 2403 Deum
875 2374 1005 2420 quem
1027 2373 1116 2401 non
1150 2356 1268 2401 vides
1302 2356 1524 2419 quomodo
1546 2356 1723 2417 diligere
1756 2376 1758 2379 ⁴

345 2453 366 2472 >³
393 2427 610 2493 poterisw
628 2450 649 2469 n
683 2429 739 2473 Et
761 2427 871 2474 illud
901 2427 1019 2473 aliud
1038 2428 1083 2472 in
1113 2426 1262 2472 eadem
1296 2426 1492 2489 Epistola
1508 2427 1687 2472 Joannis
1711 2444 1723 2471 ε
1756 2422 1758 2473 l

349 2523 369 2542 «
395 2501 440 2545 Si
479 2500 577 2562 quis
611 2497 753 2559 diligit
786 2498 1021 2554 mundum,
1057 2514 1144 2542 non
1182 2506 1244 2541 est
1284 2496 1474 2541 charitas
1512 2497 1652 2542 Patris
1681 2497 1727 2542 in

392 2593 401 2613 1
426 2592 531 2623 Galat.
549 2603 595 2624 γι,
620 2597 727 2626 ῐ4.-
742 2588 758 2612 2
781 2602 793 2620 1
817 2592 905 2622 Petr.
927 2601 969 2626 iv,
994 2601 1003 2619 1
1040 2586 1114 2612 ——3
1134 2589 1248 2620 Manli.
1267 2599 1352 2624 xxm.
1377 2594 1439 2627 403
1461 2591 1558 2621 Dent.
1576 2600 1621 2633 vr,
1644 2601 1678 2631 9,
1696 2593 1728 2620 et
1756 2599 1758 2618 τ

340 2648 527 2688 Levit.x1x,
560 2648 668 2678 18.--
685 2643 699 2667 ⁴
718 2658 729 2677 1
749 2648 904 2684 Joan.1v,
929 2657 986 2680 20.
