1758 3246
158 338 331 371 CONTRA
365 335 632 370 araxnacmn
668 334 724 365 At>
761 332 1066 376 CONSENTUJM,
1107 335 1193 366 mn.
1238 336 1266 366 1.
1341 321 1426 375 481

70 415 181 462 tros,
209 415 258 451 ut
278 421 347 451 eos
374 400 715 448 Priscillianistae
746 397 926 445 credant
946 415 1072 453 suos3
1095 399 1317 446 videamus
1334 400 1442 464 quid

69 476 172 523 mali
201 476 349 522 dicant
374 473 487 536 ipsi,
517 471 695 535 quando
718 479 949 534 propterea
981 471 1250 516 mentiuntur
1267 509 1276 526 ‚
1306 483 1351 517 ut
1372 489 1442 516 005

71 557 237 592 nostros
257 561 342 590 esse
370 542 609 589 credamus.
638 540 1015 586 Anathematizant
1032 541 1351 587 Priscillianum
1371 580 1381 588 .
1405 553 1446 586 et

8 612 9 617 ¹
72 616 127 663 ad
152 627 347 662 nostrum
367 613 597 659 arbitrium
622 611 889 657 detestantur
911 628 921 655 :
950 610 1103 656 dicunt
1122 613 1309 657 animam
1332 630 1449 657 crea-

75 698 215 733 turam
235 685 314 730 Dei
336 701 422 729 esse
441 721 451 739 ‚
479 700 566 729 non
590 692 757 745 partem
781 699 792 725 :
819 691 1070 726 execrantur
1093 681 1449 727 priscillianista—

72 774 171 803 rum
194 755 299 802 falsa
323 753 531 816 martyria
562 770 574 797 :
606 751 846 797 catholicos
869 751 1096 814 episcopos
1114 788 1125 802 ,
1155 769 1176 796 a
1195 752 1354 813 quilius
1375 752 1450 797 illa

73 827 250 874 haeresis
273 825 437 872 nudata
455 862 466 881 ‚
497 833 750 887 oppugnata
767 859 777 879 ‚
804 832 1020 885 prostrata
1049 833 1110 867 est
1126 859 1136 877 ‚
1160 822 1326 883 magnis
1349 824 1453 868 effe-

74 908 177 944 runt
198 895 407 943 laudibus
423 932 435 951 ‚
466 905 507 940 et
532 905 689 940 caetera
712 891 982 952 hujusmodi.
1013 892 1124 937 Ecce
1142 892 1226 955 ipsi
1246 910 1345 938 vera
1381 892 1454 938 di—

76 979 182 1014 cunt
199 965 375 1030 quando
391 965 677 1019 mentiuntur,
698 981 785 1009 non
804 980 892 1026 quo
909 962 1038 1008 simul
1054 963 1187 1026 possit
1203 964 1289 1008 hoc
1306 964 1451 1026 ipsum

76 1055 230 1084 verum
265 1054 350 1082 esse
381 1035 500 1099 quod
533 1035 810 1080 mendacium
845 1045 933 1087 est3
972 1032 1046 1079 sed
1078 1034 1123 1078 in
1162 1034 1243 1079 alio
1280 1034 1457 1097 quando

76 1107 349 1154 mentiuntur
364 1143 374 1162 ‚
395 1106 440 1151 in
458 1105 542 1151 alio
560 1122 659 1150 vera
679 1104 834 1150 dicunt
856 1122 867 1149 ι
897 1103 1076 1167 quando
1093 1104 1205 1149 enim
1233 1116 1399 1149 nostros
1416 1121 1459 1149 se

78 1195 164 1223 0550
197 1176 467 1222 mentiuntur
484 1212 495 1231 ,
530 1174 584 1220 de
614 1174 699 1220 fide
723 1173 940 1220 catholica
966 1191 1064 1220 vera
1091 1174 1258 1221 dicunt.
1295 1177 1355 1220 Ac
1380 1193 1459 1238 pst-1·

78 1248 164 1293 hoc
184 1247 293 1309 ipsi,
314 1263 367 1291 ne
388 1245 726 1290 priscillianistae
748 1244 1049 1295 inveniantur,
1076 1243 1319 1306 loquuntur
1341 1262 1460 1289 nien·

80 1317 246 1362 daciter
268 1333 368 1360 vera
389 1332 400 1359 t
422 1331 500 1359 nos
520 1323 663 1359 autem
681 1350 691 1369 ‚
719 1323 768 1358 ut
788 1329 857 1358 005
877 1313 1147 1358 inveniamus
1163 1351 1173 1370 ,
1206 1331 1293 1359 non
1322 1314 1460 1359 solum

79 1385 344 1432 mendaciter
377 1383 623 1448 loquimur,
659 1393 709 1428 ut
740 1382 795 1428 ad
828 1381 922 1428 illos
952 1383 1168 1446 pertinere
1199 1384 1460 1438 credamur3

82 1456 154 1503 sed
179 1456 308 1502 etiam
332 1454 438 1501 falsa
459 1454 698 1518 loquimur,
721 1471 820 1517 quae
847 1453 900 1499 ad
922 1453 1096 1499 illorum
1117 1472 1303 1501 errorem
1327 1458 1460 1519 pcrti-

82 1546 182 1574 nere
197 1526 493 1587 cognovimus
521 1526 674 1588 ltaque
692 1525 755 1570 illi
771 1524 947 1588 quando
965 1525 1099 1571 nostri
1123 1527 1267 1589 putari
1288 1527 1456 1577 volunta

83 1609 125 1644 et
141 1597 294 1643 falsum
316 1606 437 1641 estex
457 1606 599 1659 parte,
621 1606 662 1641 et
679 1612 827 1641 verum
851 1606 912 1641 est
935 1613 982 1640 cx
1004 1606 1125 1659 parte
1143 1597 1263 1660 quod
1281 1597 1458 1652 dicunt3

82 1667 237 1714 falsum
258 1677 319 1712 est
344 1666 457 1712 enim
484 1683 555 1712 eos
587 1677 754 1711 nostros
786 1683 871 1711 esse
890 1703 900 1722 ,
926 1682 1075 1711 verum
1111 1677 1172 1712 est
1198 1678 1338 1713 autem
1366 1670 1462 1714 ani-

84 1756 199 1784 mam
217 1748 384 1801 partem
412 1736 490 1781 Dei
513 1753 600 1781 non
619 1753 705 1781 esse
729 1754 738 1781 :
766 1753 842 1781 nos
861 1753 960 1781 vero
979 1736 1156 1799 quando
1182 1737 1237 1783 ad
1264 1755 1332 1783 eos
1362 1756 1465 1801 per-

87 1809 220 1854 tinere
243 1807 389 1871 putari
405 1806 634 1862 volumus,
662 1806 817 1852 falsum
847 1817 910 1852 est
943 1817 1177 1871 utrumque
1201 1809 1319 1871 quod
1349 1810 1464 1856 dici-

86 1897 182 1924 mus
198 1916 210 1936 ‚
241 1889 282 1923 et
302 1876 647 1923 Priscillianistas
672 1894 750 1922 nos
772 1894 858 1922 0550
877 1914 888 1933 ,
915 1888 956 1922 et
985 1878 1171 1923 animam
1191 1890 1357 1942 partem
1386 1881 1464 1925 Dei

87 1967 186 1996 esse.
242 1949 312 1994 Illi
359 1948 504 2011 itaque
552 1947 693 1992 Deum
740 1947 922 1993 laudant
937 1985 948 2004 ,
997 1965 1085 1993 non
1128 1948 1460 2012 blasphemant.

88 2019 264 2084 quando
297 2037 338 2065 50
361 2019 611 2070 occultant3
644 2028 685 2063 et
719 2017 897 2081 quando
929 2035 970 2063 50
1002 2035 1089 2063 non
1115 2019 1363 2067 occultant.
1391 2021 1465 2066 sed

89 2108 161 2136 sua
179 2089 429 2154 proferunt,
455 2088 762 2151 blasphemare
780 2105 821 2133 se
842 2088 1053 2134 nesciunt.
1085 2088 1188 2134 Ideo
1206 2090 1239 2134 si
1261 2090 1312 2135 ad
1333 2090 1462 2136 sidem

90 2159 351 2205 catholicam
384 2168 694 2204 convertantur
711 2195 722 2213 ‚
760 2158 1039 2203 consolantur
1065 2160 1336 2223 semetipsos,
1363 2163 1465 2225 quia

89 2241 273 2294 possunt
295 2229 438 2275 dicere
475 2228 594 2291 quod
620 2228 875 2292 ApostoluS‚
911 2229 985 2292 qui
1021 2246 1122 2274 cum
1155 2231 1270 2276 inter
1306 2243 1461 2277 caetera

91 2301 263 2346 dixisset
285 2317 295 2344 :
323 2321 341 2340 «
365 2299 486 2344 Prius
502 2298 565 2344 fui
582 2298 894 2362 blasphemus3
917 2299 1275 2357 misericordiam,
1298 2302 1459 2364 inquit,

92 2394 113 2414 ›>
132 2380 388 2417 consecutus
405 2386 524 2426 sum,
561 2369 664 2432 quia
682 2369 880 2429 ignorans
902 2368 1026 2416 fecil.
1051 2392 1070 2412 »
1103 2371 1191 2415 Nos
1215 2382 1386 2428 contra.
1416 2385 1464 2419 ut

92 2459 134 2487 se
157 2440 282 2486 nobis
309 2439 528 2502 aperiant,
561 2439 595 2484 si
614 2439 699 2485 hoc
722 2440 843 2504 quasi
866 2443 1032 2499 justum
1070 2440 1345 2486 mendacium
1375 2441 1463 2489 fal-

91 2510 229 2557 lendis
247 2510 305 2555 eis
324 2509 632 2574 capiendisque
668 2509 929 2574 proferimus
948 2549 958 2567 ,
984 2511 1180 2574 profecto
1203 2521 1243 2556 et
1264 2512 1318 2558 ad
1342 2513 1463 2559 blas-

92 2581 368 2646 phematores
391 2579 735 2626 Priscillianistas
764 2581 979 2645 pertinere
1004 2598 1079 2627 nos
1111 2580 1320 2639 dicimus,
1354 2595 1395 2629 et
1419 2598 1467 2632 ut

145 2663 155 2685 ¹
175 2675 187 2694 1
207 2662 292 2696 Tim.
310 2674 333 2699 1,
350 2664 401 2694 13.

225 2729 411 2760 cxxxnr.
1283 2719 1336 2764 31
