1758 3246
318 270 408 316 288
736 282 771 313 s.
816 282 1058 313 Aueus'rim
1094 284 1295 316 EPISCOPI

315 348 510 417 membra
547 346 651 393 fiant
692 359 844 411 partus
877 365 1053 406 earum,
1094 351 1303 413 quoniam
1349 349 1457 412 quid
1488 352 1690 414 peperint

314 428 489 464 norunt.
1103 468 1112 485 Σ

379 489 478 534 Vll.
521 488 617 533 Hoc
641 487 756 543 dixi,
783 505 834 532 ne
851 487 960 532 forte
985 488 1139 532 audeat
1161 487 1427 534 foecunditas
1452 489 1693 549 conjugalis

316 575 416 603 cum
441 558 641 617 virginali
671 557 916 616 integritate
941 557 1226 613 contendere,
1268 569 1398 621 atque
1428 558 1567 622 ipsam
1593 560 1694 604 Ma-

315 628 424 673 liam
438 643 698 690 pr,oponere
726 643 775 671 ·1c
794 626 1036 684 virginibus
1053 626 1133 671 Dei
1150 626 1324 672 dicere.
1349 628 1455 673 llla
1445 645 1491 672 m
1511 645 1696 691 corpore

1744 159 1748 181 1

1745 216 1748 261 i

1745 282 1750 325 ἰ,

317 698 424 743 duas
453 714 518 742 les
538 697 698 741 habuit
720 695 1342 755 honorandas,virginitatem
1363 708 1404 742 et
1423 696 1696 743 toecundita-
1748 703 1753 737 -ἶ

321 778 429 824 tem,
460 767 563 830 quia
587 777 630 811 et
653 766 819 825 integra
840 766 1079 828 pennansit
1097 776 1138 811 et
1154 767 1358 829 peperit.
1380 767 1496 813 hanc
1514 768 1697 814 felicita·
1750 779 1758 827 J

316 849 401 882 tem
418 837 624 900 quoniam
651 846 786 881 totam
811 846 1010 898 utraeque
1032 835 1195 881 habere
1213 853 1303 881 non
1321 837 1546 900 potuimus
1561 873 1572 893 ,
1595 854 1697 900 par-
1750 839 1758 891 J]

317 909 408 952 titae
425 923 589 962 sumus,
615 917 665 951 ut
680 923 756 952 vos
776 906 866 951 sitis
886 906 1091 965 VirgineS,
1115 923 1192 951 nos
1209 907 1342 952 simus
1362 918 1518 953 matres
1541 925 1552 951 :
1573 907 1697 954 vobis
1750 902 1753 907 ⁴

319 975 436 1039 quod
460 975 568 1020 desit
594 976 641 1020 in
663 975 784 1038 prole
799 1012 810 1031 ,
841 975 1088 1021 consoletur
1108 985 1274 1022 servata
1296 976 1521 1036 virginitas
1539 1013 1549 1032 ,
1569 977 1698 1022 nobis
1751 991 1754 996 ·

319 1045 452 1109 prolis
490 1044 613 1090 lucro
659 1044 813 1089 amissa
847 1055 1151 1107 compensetur
1181 1045 1417 1104 integritas,
1466 1046 1576 1091 Haec
1616 1062 1699 1092 vox
1751 1061 1754 1069 ⁴

319 1115 513 1161 fidelium
536 1118 868 1173 conjugatarum
894 1114 948 1157 ad
978 1131 1120 1158 sacras
1153 1115 1340 1174 virgines
1372 1125 1609 1178 utcumque
1631 1115 1698 1161 fe-

320 1184 454 1231 renda
472 1195 580 1229 esset
594 1221 604 1239 ‚
632 1184 666 1228 si
692 1182 964 1227 Christianos
984 1198 1166 1244 corpore
1183 1195 1383 1245 parerent
1400 1204 1411 1237 3
1439 1195 1488 1229 ut
1505 1184 1592 1230 hoc
1608 1184 1699 1229 solo

322 1265 427 1300 esset
440 1255 478 1298 M
489 1253 590 1298 ariae
603 1251 867 1297 foecunditas
883 1251 1026 1296 carnis
1041 1262 1216 1314 excepta
1231 1252 1475 1310 virginitate
1489 1263 1699 1314 praestan-

322 1326 432 1381 tior,
471 1322 590 1386 quod
626 1322 699 1367 illa
728 1322 873 1384 ipsum
911 1332 1045 1384 caput
1080 1321 1239 1367 horum
1271 1322 1593 1378 membrorum,
1627 1322 1699 1368 hae

324 1406 466 1441 autem
507 1393 703 1438 membra
741 1391 854 1437 illius
899 1392 1054 1454 capitis
1090 1403 1368 1454 procrearent
1401 1409 1413 1437 :
1446 1408 1564 1438 nunc
1597 1409 1698 1438 vero

324 1464 489 1510 etiamsi
512 1463 614 1508 tales
638 1462 724 1507 hac
745 1478 849 1507 voce
874 1461 1166 1518 contendant,
1201 1479 1300 1524 quae
1329 1462 1387 1507 ob
1411 1462 1498 1507 hoc
1526 1472 1698 1508 tantum

322 1535 425 1580 viris
436 1538 684 1593 junguntur
700 1542 828 1594 atque
848 1532 1084 1577 miscentur
1097 1569 1107 1587 ,
1129 1543 1178 1577 ut
1195 1532 1305 1577 filios
1325 1532 1518 1578 habeant
1532 1569 1543 1588 ,
1567 1533 1699 1577 nihil-

325 1622 407 1668 que
433 1603 551 1649 aliud
574 1602 627 1647 de
650 1601 750 1646 filiis
769 1602 986 1661 cogitant,
1009 1603 1089 1647 nisi
1109 1613 1158 1647 ut
1175 1619 1244 1648 eos
1263 1602 1438 1648 Christo
1457 1602 1695 1659 lucrentur,

325 1687 453 1738 atque
476 1673 520 1719 id
540 1690 635 1718 mox
655 1682 704 1718 ut
724 1672 948 1735 potuerint
969 1672 1136 1718 faciunt
1154 1693 1165 1727 ;
1186 1690 1274 1718 non
1295 1684 1439 1719 tamen
1461 1673 1700 1719 Christiani

324 1763 370 1790 ex
395 1760 543 1789 earum
574 1759 702 1788 carne
737 1752 1004 1798 nascuntur,
1043 1743 1116 1788 sed
1155 1754 1304 1806 postea
1339 1744 1475 1800 fiunt,
1507 1742 1696 1789 Ecclesia

324 1815 518 1879 pariente
541 1830 620 1876 per
650 1812 737 1857 hoc
764 1811 883 1874 quod
918 1813 1215 1857 membrorum
1251 1812 1416 1858 Christi
1447 1813 1700 1875 spiritaliter
1754 1825 1758 1858 ῐ

325 1896 462 1931 mater
485 1893 571 1939 est,
596 1886 720 1941 cujus
743 1882 873 1926 etiam
901 1881 1153 1943 spiritaliter
1175 1882 1297 1941 virgo
1325 1892 1400 1928 est.
1438 1883 1522 1927 Cui
1548 1892 1698 1928 sancto

325 1953 473 2018 partui
493 1961 785 2014 cooperantur
801 1960 842 1994 et
863 1960 1040 2006 matres,
1067 1967 1166 2013 quae
1186 1968 1275 1995 non
1305 1951 1575 1997 Christianos
1597 1968 1699 1997 cor-

325 2041 430 2088 p01e
454 2030 744 2085 pepererunt,
782 2030 830 2064 ut
857 2020 965 2064 fiant
988 2020 1109 2083 quod
1146 2037 1188 2065 se
1221 2037 1401 2083 corpore
1430 2037 1582 2084 parere
1610 2038 1699 2066 non
1755 2039 1758 2078 ς

325 2092 516 2157 potuisse
547 2100 795 2135 novzerunt
819 2106 898 2152 per
920 2089 1007 2135 hoc
1037 2100 1180 2135 tamen
1211 2101 1528 2169 cooperantur,
1557 2091 1636 2136 ubi
1657 2102 1701 2136 et
1756 2112 1758 2118 ·

325 2165 433 2227 ipsae
450 2161 635 2221 vilgines
652 2170 893 2223 matresque
916 2159 1081 2205 Christi
1099 2172 1226 2217 sunt,
1254 2161 1301 2207 in
1322 2160 1406 2207 fide
1423 2161 1586 2207 scilicet
1600 2177 1699 2224 quae

326 2251 406 2298 per
427 2231 701 2277 dilectionem
721 2228 967 2293 operatur1.

391 2302 514 2348 Vltl.
556 2299 688 2345 Nulla
703 2316 802 2358 ergo
826 2299 968 2344 carnis
985 2298 1248 2345 foecunditas
1273 2310 1433 2345 sanctae
1460 2299 1697 2360 virginitati

328 2373 456 2420 etiam
480 2370 620 2416 carnis
649 2369 896 2432 comparari
918 2380 1073 2432 potest.
1104 2371 1254 2433 Neque
1279 2371 1392 2415 enim
1413 2380 1456 2415 et
1479 2371 1574 2433 ipsa
1593 2371 1698 2433 quia

324 2441 548 2502 virginitas
573 2449 658 2496 est,
693 2438 766 2484 sed
790 2438 893 2501 quia
916 2440 1006 2484 Deo
1038 2438 1184 2485 dicata
1209 2448 1272 2484 est
1299 2438 1567 2497 honoratur,
1597 2456 1696 2503 quae

322 2515 424 2561 licet
441 2513 487 2558 in
509 2527 637 2557 carne
656 2519 869 2567 servetur,
892 2509 1068 2576 spiritus
1091 2520 1232 2557 tamen
1251 2509 1453 2572 religione
1485 2527 1534 2557 ac
1558 2510 1695 2559 devo-
1757 2559 1758 2563 ,

373 2596 383 2618 ¹
402 2595 506 2628 Galat.
527 2604 558 2636 v,
581 2594 613 2625 6.
