1758 3246
334 305 392 352 28
754 322 788 352 s.
831 320 1069 351 AUGL'STINI
1107 320 1307 351 Emscom

331 387 693 435 contaminatione
734 388 975 444 sordecem,
1009 404 1108 433 cum
1141 388 1320 434 visibilis
1347 387 1417 433 lux
1449 386 1692 434 visibilibus
1746 421 1748 460 ;

330 457 529 504 sordibus
544 459 598 504 sit
614 470 767 505 natura
791 459 1064 519 conjunctior
1090 477 1100 503 :
1123 469 1284 521 quanto
1305 459 1445 504 minus
1469 458 1600 519 igitur
1615 473 1693 520 po-
1746 478 1747 485 ¹

330 537 438 573 terat
457 529 594 591 pollui
613 529 805 575 Verbum
823 530 901 574 Dei
916 566 926 583 ‚
950 546 1038 574 non
1053 546 1314 592 corporeum
1333 546 1470 591 neque
1494 527 1663 574 visibile
1678 564 1689 582 ‚
1744 575 1746 577 ,

325 596 377 642 de
394 597 609 644 foemineo
629 617 828 664 corpore,
853 600 930 644 uhi
945 599 1183 644 humanam
1195 615 1367 644 carnem
1385 599 1574 662 suscepit
1592 614 1693 644 cum

326 666 469 712 anima
491 679 533 713 et
551 669 707 731 spiritu
723 706 734 725 ,
756 669 917 731 quibus
934 669 1320 714 intervenientibus
1339 668 1514 713 habitat
1531 671 1690 726 majes-
1743 707 1746 733 λ

329 745 388 780 tas
414 737 545 782 Verbi
562 738 617 782 ab
636 738 817 783 humani
836 739 1028 801 corporis
1053 738 1284 798 fragilitate
1321 738 1550 783 secretius?
1566 735 1693 782 Unde
1744 796 1745 800 Ἰ

322 805 594 852 manifestum
612 819 675 852 est
690 807 952 853 nullomodo
969 808 1159 871 potuisse
1178 808 1361 853 verbum
1385 808 1464 852 Dei
1480 806 1693 852 maculari
1742 856 1744 858 ,

323 873 517 920 humano
544 893 724 939 corpore
740 915 752 934 ‚
776 895 864 941 quo
883 895 961 923 nec
987 879 1082 940 ipsa
1106 878 1248 923 anima
1268 878 1460 922 humana
1477 877 1694 922 maculata
1742 921 1745 927 ,

321 954 394 989 est.
420 945 518 990 Non
538 947 651 992 enim
672 964 773 992 cum
798 947 906 1006 regit
923 964 1082 1009 corpus
1105 957 1232 1009 atque
1256 947 1474 1001 vivificat,
1497 946 1566 991 sed
1593 962 1693 992 cum
1741 1009 1744 1015 ἢ

320 1015 410 1070 ejus
433 1014 547 1061 bona
576 1017 774 1061 mortalia
793 1017 1092 1079 concupiscit,
1115 1015 1167 1061 de
1184 1032 1365 1078 corpore
1382 1015 1523 1060 anima
1538 1032 1694 1061 macu-

319 1080 447 1129 latur.
480 1085 610 1140 Quod
637 1086 672 1131 si
708 1087 863 1132 animae
892 1086 1085 1131 maculas
1123 1085 1186 1130 illi
1211 1086 1346 1130 vitare
1380 1084 1565 1140 vellent,
1595 1084 1694 1130 haec
1740 1080 1743 1121 Ϊ

321 1153 547 1199 mendacia
570 1157 716 1217 potius
735 1167 776 1200 et
793 1157 1012 1215 sacrilegia
1035 1155 1332 1202 formidarent.
1740 1147 1741 1151 Ἰ

383 1223 459 1268 XI.
491 1224 575 1269 Sed
597 1242 732 1286 parva
755 1236 938 1288 eratpro
963 1224 1089 1269 nobis
1112 1224 1288 1269 Domini
1312 1225 1445 1269 nostri
1470 1224 1693 1270 humilitas
1738 1275 1740 1279 v

316 1290 361 1334 in
389 1293 629 1337 nascendo:
658 1295 834 1339 accessit
865 1293 994 1339 etiam
1015 1304 1062 1339 ut
1088 1294 1198 1338 mori
1215 1311 1296 1356 pro
1318 1293 1573 1338 mortalibus
1592 1293 1692 1353 dig-
1738 1309 1740 1312 ·

316 1371 504 1407 naretur.
532 1383 553 1404 α
575 1363 834 1409 Humiliavit
855 1365 971 1408 enim
991 1381 1032 1408 se
1050 1400 1060 1419 ,
1099 1363 1237 1408 factus
1265 1362 1465 1408 subditus
1485 1380 1619 1425 usque
1638 1363 1693 1408 ad
1737 1364 1740 1398 ἓ

316 1441 543 1487 milonem,
565 1443 748 1478 mortem
762 1444 905 1478 autem
920 1434 1060 1478 crucis
1072 1432 1089 1461 *1
1113 1451 1123 1477 z
1146 1454 1165 1474 >³
1183 1451 1235 1478 ne
1249 1433 1480 1496 quisquam
1497 1443 1693 1478 nostrum

313 1500 484 1545 etiamsi
509 1513 690 1547 mortem
711 1513 853 1565 posset
875 1520 962 1548 non
981 1502 1152 1558 timere,
1172 1502 1346 1564 aliquod
1363 1519 1494 1561 genus
1516 1502 1688 1558 mortis,

310 1570 428 1631 quod
455 1571 650 1616 homines
675 1571 1128 1631 ignominiosissimum
1149 1572 1442 1627 arbitrantur,
1470 1572 1679 1618 horreret.
1734 1617 1737 1627 Δ

311 1638 537 1685 Credimus
554 1641 700 1704 itaque
719 1642 764 1686 in
779 1659 878 1687 eum
902 1642 978 1704 qui
995 1642 1078 1687 sub
1102 1642 1260 1688 Pontio
1289 1642 1431 1687 Pilato
1455 1642 1688 1687 crucifixus

308 1719 397 1764 est,
425 1721 465 1754 et
499 1711 705 1774 sepultus.
741 1712 1004 1758 Addendum
1042 1712 1156 1757 enim
1188 1722 1279 1757 erat
1296 1711 1458 1771 judicis
1499 1729 1684 1769 nomen,
1733 1717 1736 1772 ξ

303 1790 485 1842 propter
505 1791 749 1844 temporum
768 1783 1071 1841 cognitionem.
1096 1781 1329 1844 Sepultura
1350 1798 1450 1827 vero
1474 1780 1548 1826 illa
1575 1798 1676 1827 cum
1732 1794 1736 1847 ff

302 1848 509 1905 creditur,
530 1852 580 1895 fit
599 1851 841 1897 recordatio
869 1852 970 1896 novi
989 1851 1286 1903 monumenti,
1315 1851 1435 1913 quod
1460 1867 1681 1896 resurrec-
1732 1855 1735 1885 ἱ

305 1928 401 1963 turo
426 1919 481 1964 ad
501 1921 600 1966 vitae
617 1922 857 1967 novitatem
879 1922 1094 1985 praeberet
1115 1922 1410 1967 testimonium
1426 1957 1437 1975 ,
1459 1921 1571 1966 sicut
1589 1939 1688 1966 nas-
1731 1963 1734 1990 ;

304 1989 444 2033 cituro
476 2001 620 2036 uterus
656 1992 893 2050 virginalis.
938 1993 1052 2037 Nam
1089 1991 1200 2036 sicut
1240 1991 1288 2036 in
1310 1990 1384 2036 illo
1406 2002 1686 2036 monumento
1730 2014 1732 2040 ς

304 2058 448 2103 nullus
465 2059 573 2104 alius
591 2071 793 2106 mortuus
815 2061 1011 2124 sepultus
1026 2071 1087 2106 est
1106 2061 1143 2117 2,
1170 2077 1249 2106 nec
1270 2071 1390 2115 ante,
1417 2077 1496 2105 nec
1512 2071 1684 2123 posteag

305 2128 427 2174 sicin
470 2129 544 2174 illo
560 2140 681 2176 utero
696 2148 774 2176 nec
803 2142 925 2188 ante,
967 2148 1046 2176 nec
1075 2141 1223 2193 postea
1242 2130 1484 2193 quidquam
1509 2130 1690 2176 mortale
1728 2152 1732 2179 a

304 2209 568 2261 conceptum
597 2211 672 2246 est.

367 2269 470 2315 XII.
518 2270 747 2316 Credimus
787 2271 917 2316 etiam
956 2271 1081 2317 illum
1115 2272 1240 2317 tertio
1279 2271 1348 2316 die
1371 2271 1640 2317 resurrexisse
1659 2289 1683 2316 a

306 2339 488 2384 mortuis
507 2377 518 2395 ‚
564 2341 903 2402 primogenitum
934 2342 1231 2387 consecuturis
1255 2341 1463 2386 fratribus
1481 2378 1492 2392 ,
1514 2358 1622 2404 quos
1642 2342 1689 2386 in

298 2408 475 2471 adoptio
485 2426 586 2455 nem
610 2411 800 2456 filiorum
821 2411 899 2455 Dei
924 2412 1120 2467 vocavit,
1157 2429 1266 2474 quos
1287 2411 1624 2474 comparticipes
1643 2420 1685 2456 et

301 2478 546 2524 cohaeredes
563 2497 662 2525 suos
682 2498 767 2526 esse
785 2480 986 2540 dignatus
1005 2492 1065 2527 est
1088 2481 1119 2528 3.

360 2551 484 2599 XIII.
516 2549 742 2598 Credimus
776 2553 821 2597 in
856 2551 1018 2598 coelum
1036 2552 1298 2609 ascendisse,
1331 2570 1460 2616 quem
1483 2552 1679 2599 beatitu-
1723 2606 1725 2610 Α

349 2634 357 2655 ¹
380 2634 498 2678 Philip.
517 2646 551 2675 11,
571 2636 603 2670 8.
619 2653 661 2660 -
676 2634 691 2657 2
708 2637 804 2669 Joan,
826 2646 894 2675 xxx,
918 2641 931 2671 4
945 2647 972 2669 ι.
993 2656 1033 2662 —
1050 2632 1063 2657 3
1081 2634 1238 2678 Eplies.1,
1259 2637 1287 2666 5,
