1758 3246
300 270 394 331 394
729 287 764 316 S.
807 285 1049 325 Avensa-mi
1087 285 1287 321 EPlscoPI

298 364 479 410 peccare
495 383 506 403 ‚
527 359 576 393 ut
593 348 691 400 ideo
714 350 865 404 credat
883 368 1054 397 uxorem
1073 351 1155 398 sibi
1179 369 1264 397 esse
1281 352 1524 400 ducendam
1541 390 1552 409 ‚
1570 356 1672 416 quia

298 417 498 479 promisit
516 436 615 482 quae
635 421 810 482 nuptias
826 425 915 479 eJ‘us
934 421 1102 484 appetit
1119 458 1129 477 ‚
1146 422 1336 469 futuram
1355 439 1396 467 se
1412 440 1497 468 esse
1515 423 1671 469 Chris—

298 487 475 534 tianam.
508 489 639 544 Quod
660 490 775 535 enim
807 491 964 552 cuique
989 502 1220 554 antequam
1253 492 1437 537 vovisset
1469 492 1631 538 licebat
1657 530 1668 548 ‚

298 573 399 610 cum
419 557 465 603 id
490 575 531 603 se
552 576 777 623 nunquam
797 561 1014 606 facturum
1032 561 1200 606 voverit
1219 598 1230 617 ‚
1258 579 1344 607 non
1358 561 1508 608 licebit
1526 579 1538 607 ε
1559 563 1595 608 si
1612 573 1673 608 ta-

298 642 397 685 men
421 627 466 672 id
487 629 655 674 voverit
679 629 798 690 quod
819 630 1066 675 vovendum
1087 630 1170 675 fuit
1192 667 1203 686 ‚
1230 631 1357 676 sicuti
1380 643 1442 677 est
1465 642 1675 694 perpetua

301 687 527 756 virginitas
547 735 558 753 ,
584 699 651 744 vel
671 699 938 752 continentia
964 710 1062 762 post
1081 710 1250 762 experta
1276 702 1498 747 connubia
1527 701 1675 747 solutis

298 785 324 813 a
347 770 522 815 vinculo
542 771 760 830 conjugali
778 808 789 826 ‚
810 772 940 817 velex
955 788 1163 817 consensu
1182 773 1439 818 voventibus
1458 784 1501 818 et
1520 791 1676 819 carna-

299 836 356 882 lia
387 838 536 884 debita
560 840 641 885 sibi
678 841 865 891 invicem
896 842 1189 887 relaxantibus
1222 841 1427 887 fidelibus
1465 843 1676 904 castisque

299 909 590 968 conjugibus3
621 911 741 972 quod
766 911 949 956 alterum
973 912 1062 956 sine
1087 911 1217 956 altera
1233 948 1244 965 ‚
1273 911 1339 956 vel
1376 911 1554 957 alteram
1587 912 1677 957 sine

301 976 435 1034 altero
458 996 612 1033 vovere
645 979 707 1025 sas
734 998 821 1025 non
845 991 921 1027 est.
961 981 1068 1030 Haec
1092 998 1192 1040 ergo
1212 1017 1222 1036 ‚
1245 992 1286 1025 et
1310 981 1344 1026 si
1361 997 1448 1043 qua
1472 981 1554 1026 alia
1577 992 1678 1026 sunt

297 1063 398 1109 quae
421 1048 654 1093 rectissime
679 1060 891 1095 voventur
907 1087 918 1106 ‚
947 1067 1050 1096 cuin
1083 1050 1281 1096 homines
1302 1050 1501 1096 voverint
1522 1087 1533 1105 ,
1557 1051 1677 1096 nulla

300 1115 550 1171 conditione
568 1118 811 1180 rumpenda
837 1130 938 1164 sunt
956 1156 966 1174 ‚
991 1136 1090 1182 quae
1110 1120 1198 1165 sine
1217 1120 1304 1166 ulla
1326 1120 1574 1166 conditione
1596 1122 1678 1166 vo-

298 1196 469 1240 verunt.
507 1187 622 1242 Quia
648 1197 690 1231 et
703 1187 790 1231 hoc
813 1187 1047 1236 Dominum
1069 1189 1325 1249 praecepisse
1351 1189 1679 1248 intelligendum

299 1264 362 1298 est
380 1291 390 1308 ‚
415 1256 493 1300 ubi
508 1256 666 1315 legitur
685 1274 696 1300 t
717 1257 777 1301 «V
781 1267 902 1301 ovete
913 1267 954 1302 et
970 1257 1135 1302 reddite
1151 1257 1338 1302 Domino
1358 1258 1448 1302 Deo
1464 1269 1602 1303 vestro
1614 1257 1678 1304 1.»

300 1324 425 1369 Unde
442 1327 674 1388 Apostolus
693 1327 745 1372 de
763 1328 1027 1389 quibusdam
1047 1344 1145 1389 quae
1169 1327 1480 1373 continentiam
1501 1339 1674 1383 vovent,

299 1404 342 1449 et
365 1406 511 1457 postea
534 1398 698 1442 nubere
717 1396 870 1442 volunt
893 1434 903 1450 ,
941 1396 1063 1459 quod
1102 1397 1159 1440 eis
1195 1406 1429 1458 antequam
1463 1398 1679 1442 vovissent

301 1465 450 1527 utique
467 1466 628 1511 licebat
650 1483 660 1511 ε
686 1467 936 1511 «Habentes
956 1503 967 1521 ‚
994 1466 1162 1529 inquit,
1186 1465 1507 1511 damnationem
1525 1503 1537 1520 ,
1564 1483 1680 1530 quo-

304 1554 325 1573 »
350 1534 466 1578 niam
492 1535 680 1597 primam
701 1534 832 1581 fidem
858 1535 1026 1581 irritam
1047 1535 1242 1580 fecerunt
1257 1535 1293 1581 ².
1319 1556 1339 1576 ›>

365 1605 505 1651 XXX.
539 1605 661 1651 Nihil
681 1622 780 1664 ergo
810 1606 982 1669 expedit
1007 1605 1127 1668 quod
1150 1605 1355 1655 illicitum
1387 1615 1450 1650 est
1467 1642 1478 1660 ,
1504 1616 1548 1650 et
1565 1606 1678 1651 nihi-l

304 1673 423 1736 quod
448 1674 657 1737 prohihet
681 1675 893 1731 Dominus
919 1674 1088 1720 licitum
1119 1684 1193 1721 est.
1232 1674 1345 1731 Quae
1380 1677 1523 1720 autem
1556 1675 1677 1721 nullo

304 1744 481 1789 Domini
502 1744 820 1804 constringente
839 1756 1062 1808 praecepto
1080 1745 1126 1790 in
1144 1755 1355 1807 potestate
1370 1744 1543 1790 dimissa
1560 1755 1678 1800 sunt,

304 1813 349 1858 in
375 1814 443 1859 his
462 1815 664 1864 audiatur
679 1814 910 1877 Apostolus
925 1815 970 1860 in
985 1815 1155 1878 Spiritu
1167 1826 1315 1860 sancto
1335 1817 1510 1860 monens
1520 1825 1562 1860 et
1571 1832 1682 1861 con-

302 1884 470 1940 sulem,
495 1895 544 1930 ut
569 1885 637 1931 vel
665 1884 843 1930 meliora
863 1885 1121 1947 capiantur,
1150 1884 1217 1929 vel
1241 1902 1288 1929 ea
1307 1901 1408 1947 quae
1434 1901 1523 1929 non
1552 1902 1682 1946 expe-

300 1952 428 2002 diunt
454 1965 701 2003 caveantur.
738 1954 808 1999 lbi
830 1954 1035 1999 audiatur
1053 1954 1232 1999 dicens:
1255 1955 1569 2016 «Praeceptum
1589 1954 1681 1999 Do·-

307 2042 330 2064 ›>
354 2022 460 2067 mini
479 2040 567 2074 non
589 2023 756 2075 habeo,
781 2022 1011 2069 consilium
1031 2033 1173 2067 autem
1196 2022 1298 2069 do.»
1314 2024 1370 2068 Et
1386 2059 1398 2078 ‚
1423 2024 1545 2082 «Ego
1562 2022 1680 2078 dico,

313 2112 334 2133 »
356 2108 443 2144 non
466 2092 809 2143 Dominu8.»lbi
830 2092 860 2137 si
886 2092 1060 2138 meliora
1076 2091 1270 2152 elegerit,
1291 2092 1368 2155 qui
1391 2092 1514 2138 audit
1539 2111 1550 2137 x
1569 2092 1684 2137 «So—

309 2182 329 2203 »
354 2161 472 2206 lutus
490 2172 552 2206 est
576 2162 631 2207 ab
653 2179 781 2207 uxore
797 2199 808 2218 ‚
836 2179 924 2207 non
941 2173 1110 2224 quaerat
1132 2179 1300 2208 uxorem
1321 2199 1332 2217 ‚
1363 2162 1468 2226 quia
1491 2173 1534 2208 et
1551 2162 1586 2207 si
1608 2179 1685 2208 ac-

310 2252 332 2272 »
359 2233 522 2294 ceperit
547 2249 719 2283 uxorem
742 2269 753 2287 ,
792 2249 881 2281 non
915 2243 1070 2295 peccat
1097 2250 1108 2277 ι
1136 2254 1155 2273 »
1187 2233 1252 2278 ibi
1275 2233 1396 2291 virgo
1416 2249 1504 2277 non
1526 2232 1678 2278 nubat.

310 2323 331 2343 (ι
357 2301 445 2358 Qui
469 2302 584 2356 enim
602 2319 691 2354 non
719 2302 797 2351 dai.
829 2312 1019 2367 nuptum
1037 2338 1048 2357 ‚
1086 2302 1238 2348 melius
1263 2302 1396 2354 facit;
1430 2311 1472 2346 et
1503 2301 1580 2364 qui
1608 2301 1684 2346 dat

312 2393 334 2412 »
359 2381 548 2433 nuptum
563 2408 574 2427 ‚
598 2371 707 2424 bene
724 2371 871 2423 facit3.
892 2393 911 2413 »
948 2372 1017 2420 lbi
1039 2371 1206 2416 beatior
1227 2372 1280 2418 sit
1305 2370 1460 2416 mulier
1487 2370 1548 2414 sic
1578 2374 1684 2432 'per-

313 2441 530 2501 manendo
546 2478 557 2499 ‚
577 2458 678 2505 quae
704 2452 879 2502 mortno
901 2443 995 2488 viro
1016 2459 1094 2487 suo
1124 2442 1171 2488 in
1190 2451 1402 2506 potestate
1418 2439 1554 2486 habet
1575 2476 1586 2495 ‚
1609 2439 1682 2486 cui

360 2529 371 2567 ,²
406 2529 490 2560 Psal.
527 2540 636 2568 mliv,
672 2541 792 2562 12.*—-
821 2528 839 2551 ’2
871 2541 884 2562 1
916 2532 1000 2563 Tim.
1031 2540 1076 2567 v,
1115 2540 1166 2560 12.
1192 2546 1234 2552 —
1265 2526 1278 2550 3
1306 2540 1318 2559 1
1344 2529 1417 2560 Cor.
1442 2538 1500 2570 vu,
1530 2538 1588 2565 η,
1615 2528 1681 2564 25,

323 2593 361 2619 πῖ
392 2586 423 2611 et
449 2583 502 2614 38.
