1758 3246
149 313 324 343 CONTRA
359 312 624 344 mmmmm:
665 314 718 343 ,m
757 313 1057 345 coxsmrittu.
1098 312 1183 343 1111.
1229 315 1256 344 1.
1332 297 1426 359 495

57 377 198 424 noluit
215 416 226 435 ,
249 378 486 425 occultaret
506 379 682 442 quidem
710 378 992 428 nihilominus
1020 377 1183 440 aliquid
1206 377 1398 424 veritatis
1414 414 1426 434 ‚

58 447 129 494 sed
153 466 275 511 posse
299 448 384 494 hoc
415 459 528 493 recte
564 449 657 495 sieri
694 444 875 494 forsitan
904 447 1194 503 nesciremus,
1236 458 1310 493 aut
1344 465 1431 493 11011

58 528 177 564 tanto
202 519 473 563 firmaremur
491 519 698 582 exemplo.
731 517 855 564 Unde
880 516 956 580 qui
981 527 1175 562 asserunt
1199 516 1433 580 aliquando

58 605 143 633 esse
166 587 479 645 mentiendum,
505 606 593 635 non
613 589 917 636 convenienter
937 597 1277 633 commemorant
1297 587 1435 633 Abra-

58 657 162 703 ham
181 658 267 703 hoc
287 658 433 704 fecisse
451 657 504 704 de
524 658 626 705 Sara
645 696 655 715 ,
683 675 817 722 quam
838 674 1025 703 sororem
1045 673 1165 701 suam
1190 655 1310 703 dixit.
1339 658 1437 703 Non

59 728 173 773 enim
197 727 303 773 dixit
330 745 341 772 ι
371 728 470 773 Νο11
497 739 559 774 est
586 746 691 774 uxor
715 745 840 781 mea;
881 726 954 773 sed
985 726 1092 772 dixit
1115 744 1125 772 ε
1147 727 1318 772 «Soror
1345 744 1439 772 mea

60 819 80 839 ›>
101 797 188 843 est1
217 816 227 843 :
257 820 274 839 »
295 797 413 861 quod
432 809 522 843 erat
541 816 687 845 revera
712 809 800 844 tam
820 797 1070 862 propinqua
1089 814 1239 856 genere
1255 832 1268 853 ‚
1296 807 1344 842 ut
1363 814 1436 843 50-

59 885 132 913 ror
146 885 235 913 non
251 867 517 914 mendaciter
532 868 762 915 diceretur.
790 867 921 924 Quod
944 878 985 912 et
1001 877 1150 930 postca
1160 871 1252 927 jam
1276 866 1360 913 sibi
1384 866 1438 913 ab

60 937 135 983 illo
158 939 234 1001 qui
254 938 492 984 abduxerat
516 957 563 984 ea
587 939 757 985 reddita
774 936 1074 994 confirmavit,
1097 937 1361 1002 respondens
1374 936 1437 983 illi

61 1018 103 1054 et
121 1007 268 1054 dicens
295 1026 305 1053 ε
334 1010 422 1054 «Et
446 1027 542 1055 vere
567 1027 687 1055 soror
705 1027 799 1055 mea
823 1019 885 1054 est
914 1009 967 1055 de
986 1018 1133 1072 patre,
1157 1026 1243 1053 non
1262 1007 1314 1054 de
1340 1025 1439 1053 ma-

61 1100 82 1121 »
102 1089 164 1124 tre
181 1080 198 1107 2
222 1097 232 1124 :
253 1101 272 1120 »
297 1079 384 1126 1106
403 1090 464 1125 est
492 1117 502 1137 ‚
535 1080 588 1126 de
611 1092 795 1144 paterno
826 1097 975 1140 genere
992 1117 1003 1136 ‚
1031 1096 1119 1124 non
1143 1078 1197 1124 cle
1221 1088 1429 1125 materno,

63 1149 242 1212 Aliquid
283 1167 382 1210 ergo
436 1151 524 1197 veri
572 1151 709 1197 tacuit
735 1188 746 1208 ,
798 1168 887 1196 non
936 1149 1031 1196 falsi
1078 1148 1243 1213 aliquid
1292 1148 1401 1194 dixit
1423 1185 1434 1204 ‚

62 1220 238 1283 quando
271 1221 408 1267 tacuit
434 1239 602 1268 uxorem
621 1260 633 1279 ‚
669 1223 775 1268 dixit
799 1238 1002 1265 sororem.
1031 1221 1127 1264 Hoc
1151 1230 1191 1263 et
1216 1218 1330 1265 filius
1351 1223 1442 1278 ejus

62 1290 164 1335 fecit
199 1291 319 1336 Isaac
357 1310 368 1335 :
413 1308 513 1336 nam
536 1302 578 1336 et
607 1292 752 1354 ipsum
778 1291 977 1336 novimus
999 1289 1296 1352 propinquam
1321 1307 1442 1334 suam

64 1363 293 1420 conjugem
309 1358 437 1406 fuisse
460 1361 659 1406 sortitum
673 1361 706 1408 3.
735 1362 831 1406 Non
846 1370 909 1405 est
926 1376 1025 1420 crgo
1051 1358 1325 1405 mendacium
1344 1377 1445 1405 cum

65 1431 226 1477 silencio
250 1431 534 1478 absconditur
556 1450 707 1478 verum
726 1469 736 1488 ,
763 1431 837 1477 sed
861 1448 962 1477 cum
983 1430 1202 1494 loquendo
1225 1431 1445 1494 promitur

64 1499 233 1548 salsum.

128 1571 288 1619 XXIV.
330 1573 470 1619 Jacob
499 1584 639 1619 autem
675 1573 794 1637 quod
826 1584 962 1619 matre
988 1571 1091 1617 fecit
1128 1582 1300 1618 auctore
1320 1571 1356 1629 Δ,
1397 1583 1448 1618 ut

65 1653 234 1705 patrem
252 1643 398 1689 fallere
418 1644 653 1698 videretur,
681 1645 715 1690 si
733 1645 960 1704 diligenter
983 1654 1025 1687 et
1045 1642 1229 1689 fideliter
1247 1641 1444 1689 attenda-

68 1724 155 1769 tur,
172 1731 259 1759 non
273 1724 333 1759 est
353 1714 647 1772 mendacium,
669 1715 739 1760 sed
758 1714 1024 1778 mysterium.
1045 1713 1157 1770 Quae
1171 1714 1203 1759 si
1223 1712 1449 1759 mendacia

67 1784 313 1840 dixerimus,
342 1802 489 1830 omues
513 1785 640 1831 etiam
658 1785 880 1849 parabolae
899 1802 949 1830 ac
966 1785 1115 1844 figurae
1136 1783 1446 1843 significanda-

69 1871 162 1900 rum
189 1871 564 1918 quarumcumque
591 1873 733 1902 rerum
753 1893 762 1911 ‚
791 1872 891 1919 quae
920 1871 1007 1899 non
1043 1854 1098 1899 ad
1129 1854 1444 1919 proprietatem

71 1924 336 1988 accipiendae
359 1936 460 1971 sunt
482 1963 492 1981 ‚
523 1926 595 1972 sed
619 1927 663 1972 in
684 1927 741 1972 eis
766 1925 883 1972 aliud
913 1943 958 1970 ex
992 1925 1074 1970 alio
1113 1936 1174 1970 est
1201 1924 1447 1984 intelligen—

69 1994 193 2049 dum,
220 1995 420 2041 dicentur
442 2013 528 2042 esse
552 1997 778 2043 mendacia
802 2034 813 2053 ‚
842 1995 960 2060 quod
985 1995 1096 2041 absit
1121 1995 1314 2042 omnino.
1335 1996 1447 2041 Nam

71 2065 147 2129 qui
180 2065 266 2111 hoc
296 2076 457 2129 putat,
490 2067 673 2130 tropicis
707 2067 836 2112 etiam
864 2077 951 2112 tam
977 2065 1124 2112 multis
1147 2065 1447 2111 locutionibus

72 2138 274 2184 omnibus
294 2150 436 2202 potest
456 2140 571 2186 hanc
594 2141 831 2204 importare
853 2140 1140 2194 calumniam3
1160 2139 1220 2185 ita
1237 2149 1285 2184 ut
1303 2138 1451 2201 etipsa

72 2226 171 2272 quae
198 2209 444 2274 appellatur
467 2211 724 2274 metaphora
742 2248 753 2267 ‚
777 2211 864 2256 hoc
886 2222 947 2256 est
963 2210 1017 2255 de
1034 2228 1078 2256 re
1094 2209 1273 2274 propria
1287 2208 1342 2254 ad
1362 2225 1450 2254 rem

72 2296 160 2324 non
195 2281 420 2343 propriam
451 2281 573 2327 verbi
605 2281 789 2341 alicujus
816 2292 1024 2345 usurpata
1047 2280 1292 2335 translatio,
1319 2278 1454 2342 possit

73 2348 152 2395 ista
180 2350 345 2396 ratione
377 2351 653 2397 mendacium
686 2352 948 2415 nuncupari.
991 2353 1104 2397 Cum
1128 2351 1243 2396 enim
1267 2349 1453 2394 dicimus

75 2418 286 2465 fluctuare
309 2433 489 2481 segetes,
518 2440 733 2483 gemmare
750 2423 855 2469 vites
876 2460 887 2478 ‚
921 2421 1123 2475 floridam
1140 2424 1414 2480 juventutem
1438 2455 1449 2473 ‚

74 2489 245 2535 niveam
259 2491 460 2538 canitiem
476 2529 488 2549 ,
508 2492 666 2557 procul
688 2492 825 2538 dubio
843 2492 1020 2548 fluctus,
1041 2507 1230 2551 gemmas
1244 2528 1254 2547 ‚
1282 2489 1450 2544 florem,

76 2559 219 2606 nivem
242 2598 254 2617 ‚
293 2561 394 2626 quia
426 2561 471 2607 in
510 2561 579 2608 his
602 2562 731 2608 rebus
753 2580 841 2608 non
863 2562 1132 2617 invenilnuS‚
1156 2560 1200 2607 111
1224 2576 1331 2625 quas
1356 2559 1455 2615 haec

125 2643 134 2666 ¹
155 2646 240 2680 Gen.
257 2655 313 2684 xx,
329 2656 360 2680 2.
378 2662 422 2669 —
440 2643 554 2680 21bid.
578 2657 629 2678 12.
644 2662 689 2670 --
705 2643 720 2669 3
734 2645 784 2678 Id.
798 2656 889 2686 xxvx,
913 2656 1003 2685 7.—
1022 2640 1220 2683 41d.xxvn,
1239 2653 1292 2684 ¹9·
