1758 3246
328 339 381 369 DE
417 337 518 368 FIDE
552 337 605 367 ET
640 337 877 376 OPERIBUS,
918 336 1006 367 LIB.
1051 337 1081 368 1.
1348 340 1406 388 77

8 446 10 462 ζ
38 405 381 471 proficiscantur.
419 402 620 450 Profecto
650 401 722 450 ille
747 402 904 464 dignus
940 401 1037 465 quis
1066 402 1175 459 erit,
1215 404 1297 451 nisi
1333 406 1410 469 qui

8 500 9 503 ¹
39 476 346 522 existimatione
368 490 545 520 suorum
575 473 737 521 civium
767 473 913 518 bonus
943 471 1209 519 habebitur?
1240 485 1281 519 et
1315 476 1412 538 quis

7 562 9 574 ¹
38 545 241 604 indignus
258 582 269 601 ,
292 544 373 590 nisi
392 544 469 607 qui
491 544 550 588 eis
576 543 714 589 malus
745 542 1013 588 innotuerit?
1042 542 1102 586 Ex
1125 541 1210 587 hoc
1229 554 1413 607 utroque

6 640 8 645 ·
40 631 188 674 genere
203 612 382 659 veniunt
405 612 459 658 ad
481 612 647 657 Christi
669 612 824 668 fidem,
852 622 894 657 et
923 612 983 656 sic
1004 609 1285 657 adducuntur
1306 614 1413 659 boni

6 710 8 747 L
41 693 82 728 et
104 682 205 728 mali
226 701 237 727 ε
256 683 359 746 quia
379 692 421 727 et
440 681 503 727 illi
525 681 629 727 mali
648 699 671 727 a
687 681 869 728 mortuis
886 680 1091 744 operibus
1111 681 1415 743 poenitentiam

5 758 8 784 ῑ
41 769 127 798 non
151 762 365 798 recusant.
400 752 445 797 Si
469 762 612 797 autem
641 762 868 807 recusant,
898 767 986 796 non
1013 750 1174 795 intrare
1193 751 1417 813 cupientes

41 820 335 885 repelluntur,
375 820 448 866 sed
482 821 538 866 ab
563 820 744 867 introitu
775 820 860 884 ipsi
894 829 1040 883 aperta
1075 819 1419 866 contradictione

4 944 5 957 ἵ
43 891 284 940 discedunt.

106 962 293 1008 XXXII.
334 961 429 1006 Erit
448 977 548 1019 ergo
567 971 610 1006 et
629 977 776 1007 servus
792 960 864 1005 ille
888 976 1063 1006 securus
1079 996 1090 1015 ,
1111 977 1190 1005 nec
1211 959 1323 1006 inter
1346 961 1420 1023 pi-

2 1016 5 1063 :
45 1047 139 1089 gros
181 1030 492 1086 damnabitur,
531 1030 652 1091 quod
683 1030 954 1075 dominicum
990 1028 1201 1074 talentum
1237 1028 1424 1075 noluerit

2 1100 4 1154 J
43 1099 264 1159 erogare¹;
298 1099 656 1161 quandoquidem
691 1098 755 1144 illi
794 1099 1028 1144 noluerunt
1064 1098 1183 1162 quod
1218 1100 1424 1159 erogabat

2 1158 4 1202 ἶ
46 1168 253 1232 accipere.
275 1169 461 1230 Propter
477 1166 572 1212 illos
592 1168 708 1212 enim
727 1167 825 1213 haec
844 1167 1081 1213 similitudo
1096 1169 1321 1231 proposita
1341 1179 1420 1225 est,

46 1237 123 1300 qui
145 1236 301 1282 nolunt
326 1237 543 1299 suscipere
568 1237 615 1282 in
645 1236 837 1282 Ecclesia
865 1237 1172 1300 dispensatoris
1196 1238 1388 1283 officium
1411 1275 1422 1294 ‚

48 1306 303 1352 desidiosam
324 1306 641 1370 praetendentes
659 1308 972 1353 excusationem
987 1345 998 1364 ,
1022 1308 1136 1353 nolle
1156 1325 1198 1353 se
1214 1308 1428 1353 rationem

48 1375 227 1422 reddere
249 1376 303 1422 de
327 1376 520 1439 peccatis
543 1377 689 1422 alienis
716 1395 725 1422 ε
753 1378 830 1440 qui
856 1377 1041 1423 audiunt
1064 1389 1105 1423 et
1128 1395 1217 1423 non
1238 1377 1424 1433 faciunt,

49 1445 95 1491 id
118 1456 180 1491 est
196 1483 208 1504 ,
238 1446 461 1510 accipiunt
484 1457 526 1492 et
545 1463 632 1492 non
657 1446 861 1493 reddunt.
891 1448 1005 1492 Cum
1031 1463 1130 1492 vero
1159 1446 1429 1510 dispensator

50 1514 187 1560 fidelis
208 1525 250 1560 et
269 1515 449 1575 diligens
463 1552 474 1571 ,
494 1516 540 1561 in
560 1516 776 1575 erogando
794 1515 1093 1578 paratissimus
1110 1551 1120 1568 ‚
1146 1526 1188 1561 et
1206 1516 1430 1561 lucrorum

0 1639 1 1644 Ἰ
52 1584 373 1630 dominicorum
397 1584 686 1640 avidissimus,
708 1584 817 1630 dicit
833 1584 1028 1630 adultero
1048 1602 1058 1628 ε
1083 1584 1181 1630 Noli
1199 1601 1286 1629 esse
1307 1583 1430 1629 adul-

53 1664 116 1699 ter
131 1690 142 1709 ‚
165 1653 200 1698 si
225 1653 288 1699 vis
311 1653 553 1716 baptizari3
587 1654 713 1699 crede
738 1654 914 1699 Christo
930 1691 941 1709 ‚
969 1654 1046 1717 qui
1069 1653 1154 1698 hoc
1174 1652 1293 1715 quod
1324 1652 1431 1697 facis

53 1722 161 1768 dicit
178 1740 263 1768 esse
282 1722 560 1779 adulterium,
579 1724 614 1769 si
631 1724 694 1770 vis
712 1723 952 1786 baptizari3
973 1723 1062 1768 noli
1078 1740 1164 1768 esse
1183 1722 1431 1767 membrum

54 1791 289 1839 meretricis
305 1829 316 1848 ‚
345 1791 379 1837 si
397 1793 462 1839 vis
484 1793 576 1838 fieri
595 1793 841 1838 membrum
860 1792 1026 1837 Christi
1046 1810 1056 1837 :
1084 1792 1157 1837 ille
1181 1802 1324 1837 autem
1349 1808 1433 1836 res-

54 1860 219 1925 pondet
243 1879 253 1906 ε
292 1863 390 1907 Non
421 1862 602 1919 obedio,
630 1880 718 1908 non
744 1862 857 1908 facio
882 1879 892 1906 ι
932 1862 1024 1925 ipse
1056 1878 1144 1907 non
1172 1861 1266 1907 vult
1287 1878 1432 1907 veram

56 1930 289 1993 pecuniam
318 1930 580 1978 dominicam
610 1933 807 1995 accipere
823 1969 834 1987 ,
861 1931 934 1976 sed
953 1948 1075 1976 suam
1094 1931 1240 1993 potius
1260 1930 1435 1976 adulte-

57 1999 197 2044 rinam
227 1999 323 2044 vult
350 2000 560 2046 thesauris
591 2001 820 2046 dominicis
856 2002 1106 2063 importare.
1146 2000 1192 2044 Si
1225 2010 1369 2045 autem
1395 2016 1436 2044 se

57 2068 275 2114 facturum
303 2071 580 2132 profiteretur
597 2107 608 2127 ‚
648 2087 727 2116 nec
758 2070 917 2115 faceret
931 2106 943 2126 ‚
965 2087 1045 2115 nec
1068 2080 1218 2132 postea
1239 2070 1438 2132 quolibet

59 2136 190 2182 modo
214 2138 371 2197 corrigi
396 2150 562 2202 posset3
594 2140 862 2186 inveniretur
894 2139 1001 2202 quid
1029 2139 1082 2184 de
1106 2138 1179 2184 illo
1206 2140 1349 2195 fieret,
1385 2156 1438 2184 ne

58 2205 151 2251 aliis
175 2206 341 2251 inutilis
368 2219 498 2264 esset,
529 2208 606 2271 qui
628 2208 712 2254 sibi
743 2208 860 2254 utilis
889 2225 975 2254 esse
1007 2225 1095 2253 non
1120 2218 1266 2271 posset
1289 2226 1299 2253 ε
1329 2218 1376 2253 ut
1401 2207 1435 2253 si

58 2276 173 2321 intra
189 2275 296 2321 retia
318 2277 496 2323 Domini
528 2279 645 2324 bona
671 2278 802 2341 piscis
836 2278 975 2324 malus
1001 2288 1133 2334 esset,
1165 2295 1251 2323 non
1287 2288 1432 2323 tamen

64 2346 204 2409 pisces
225 2346 404 2393 Domini
426 2349 491 2394 sui
517 2348 641 2394 malis
666 2349 832 2395 retibus
864 2348 1075 2402 irretiret3
1118 2348 1204 2393 hoc
1224 2358 1310 2403 est,
1339 2357 1387 2392 ut
1408 2347 1441 2392 si

65 2414 248 2460 haberet
263 2415 310 2460 in
328 2417 520 2464 Ecclesia
541 2418 674 2466 vitam
694 2418 876 2475 malam,
912 2435 1000 2464 non
1031 2429 1176 2463 tamen
1202 2416 1291 2463 illic
1314 2416 1442 2462 insti-

70 2493 207 2529 tueret
229 2482 474 2532 doctrinam
496 2487 670 2535 malam.
707 2488 821 2534 Cum
845 2487 960 2534 enim
977 2487 1079 2534 tales
1104 2487 1219 2533 facta
1245 2502 1321 2531 sua
1342 2485 1442 2531 talia

72 2550 339 2612 defendunt,
366 2555 435 2604 vel
456 2557 502 2603 in
521 2557 579 2604 eis
600 2575 642 2605 se
671 2568 1014 2621 perseveraturos
1046 2555 1311 2620 apertissime
1336 2571 1444 2618 pro-

122 2636 134 2657 ²
150 2633 255 2666 Manli
285 2646 361 2677 xxv,
378 2639 434 2672 26.
