<?xml version="1.0" encoding="UTF-8"?>
<!DOCTYPE html PUBLIC "-//W3C//DTD XHTML 1.0 Transitional//EN"
    "http://www.w3.org/TR/xhtml1/DTD/xhtml1-transitional.dtd">
<html xmlns="http://www.w3.org/1999/xhtml" xml:lang="en" lang="en">
 <head>
  <title>
</title>
<meta http-equiv="Content-Type" content="text/html;charset=utf-8" />
  <meta name='ocr-system' content='tesseract 3.04.00' />
  <meta name='ocr-capabilities' content='ocr_page ocr_carea ocr_par ocr_line ocrx_word'/>
</head>
<body>
  <div class='ocr_page' id='page_1' title='image "./operaomniaaccura26auguuoft/operaomniaaccura26auguuoft_0237.png"; bbox 0 0 1758 3246; ppageno 0'>
   <div class='ocr_carea' id='block_1_1' title="bbox 0 317 1461 2754">
    <p class='ocr_par' dir='ltr' id='par_1_1' title="bbox 28 317 1406 741">
     <span class='ocr_line' id='line_1_1' title="bbox 385 317 1401 373; baseline 0 -9"><span class='ocrx_word' id='word_1_1' title='bbox 385 336 437 364; x_wconf 85' lang='lat' dir='ltr'>DE</span> <span class='ocrx_word' id='word_1_2' title='bbox 475 334 806 373; x_wconf 52' lang='lat' dir='ltr'>commas-Tm,</span> <span class='ocrx_word' id='word_1_3' title='bbox 846 334 933 363; x_wconf 73' lang='lat' dir='ltr'>Lm.</span> <span class='ocrx_word' id='word_1_4' title='bbox 980 336 1006 363; x_wconf 86' lang='grc' dir='ltr'>ι.</span> <span class='ocrx_word' id='word_1_5' title='bbox 1310 317 1401 364; x_wconf 75' lang='lat'>223</span> 
     </span>
     <span class='ocr_line' id='line_1_2' title="bbox 29 396 1404 462; baseline -0.002 -16"><span class='ocrx_word' id='word_1_6' title='bbox 29 400 164 446; x_wconf 88' lang='lat' dir='ltr'>mines</span> <span class='ocrx_word' id='word_1_7' title='bbox 187 399 301 446; x_wconf 89' lang='lat' dir='ltr'>enim</span> <span class='ocrx_word' id='word_1_8' title='bbox 320 399 488 459; x_wconf 74' lang='lat' dir='ltr'>judices</span> <span class='ocrx_word' id='word_1_9' title='bbox 507 436 517 455; x_wconf 85' lang='lat'><strong><em>‚</em></strong></span> <span class='ocrx_word' id='word_1_10' title='bbox 545 399 752 461; x_wconf 85' lang='lat' dir='ltr'>quoniam</span> <span class='ocrx_word' id='word_1_11' title='bbox 778 396 868 442; x_wconf 85' lang='lat' dir='ltr'>falli</span> <span class='ocrx_word' id='word_1_12' title='bbox 890 408 1074 461; x_wconf 81' lang='lat' dir='ltr'>possunt</span> <span class='ocrx_word' id='word_1_13' title='bbox 1091 434 1103 453; x_wconf 85' lang='lat'>‚</span> <span class='ocrx_word' id='word_1_14' title='bbox 1126 415 1404 462; x_wconf 83' lang='lat' dir='ltr'>quacumque</span> 
     </span>
     <span class='ocr_line' id='line_1_3' title="bbox 28 466 1406 533; baseline -0.002 -17"><span class='ocrx_word' id='word_1_15' title='bbox 28 470 147 516; x_wconf 81' lang='lat' dir='ltr'>velut</span> <span class='ocrx_word' id='word_1_16' title='bbox 174 486 359 533; x_wconf 83' lang='lat' dir='ltr'>purgare</span> <span class='ocrx_word' id='word_1_17' title='bbox 381 467 553 514; x_wconf 87' lang='lat' dir='ltr'>fallacia</span> <span class='ocrx_word' id='word_1_18' title='bbox 585 467 706 531; x_wconf 86' lang='lat' dir='ltr'>quod</span> <span class='ocrx_word' id='word_1_19' title='bbox 736 484 967 530; x_wconf 83' lang='lat' dir='ltr'><strong>perperam</strong></span> <span class='ocrx_word' id='word_1_20' title='bbox 997 466 1161 512; x_wconf 87' lang='lat' dir='ltr'>factum</span> <span class='ocrx_word' id='word_1_21' title='bbox 1188 478 1276 523; x_wconf 73' lang='lat' dir='ltr'>est,</span> <span class='ocrx_word' id='word_1_22' title='bbox 1300 485 1406 530; x_wconf 89' lang='lat' dir='ltr'>pro-</span> 
     </span>
     <span class='ocr_line' id='line_1_4' title="bbox 30 537 1404 602; baseline -0.003 -16"><span class='ocrx_word' id='word_1_23' title='bbox 30 541 147 586; x_wconf 85' lang='lat' dir='ltr'>desse</span> <span class='ocrx_word' id='word_1_24' title='bbox 178 539 342 602; x_wconf 87' lang='lat' dir='ltr'>aliquid</span> <span class='ocrx_word' id='word_1_25' title='bbox 366 538 541 585; x_wconf 83' lang='lat' dir='ltr'>videtur</span> <span class='ocrx_word' id='word_1_26' title='bbox 576 538 630 583; x_wconf 89' lang='lat' dir='ltr'>ad</span> <span class='ocrx_word' id='word_1_27' title='bbox 666 549 834 601; x_wconf 81' lang='lat' dir='ltr'>tempus</span> <span class='ocrx_word' id='word_1_28' title='bbox 862 555 873 582; x_wconf 73' lang='grc' dir='ltr'>ε</span> <span class='ocrx_word' id='word_1_29' title='bbox 905 537 1024 600; x_wconf 83' lang='lat' dir='ltr'>apud</span> <span class='ocrx_word' id='word_1_30' title='bbox 1060 538 1202 581; x_wconf 90' lang='lat' dir='ltr'>Deum</span> <span class='ocrx_word' id='word_1_31' title='bbox 1233 548 1404 594; x_wconf 78' lang='lat' dir='ltr'>autem,</span> 
     </span>
     <span class='ocr_line' id='line_1_5' title="bbox 30 604 1406 672; baseline -0.003 -18"><span class='ocrx_word' id='word_1_32' title='bbox 30 610 105 672; x_wconf 83' lang='lat' dir='ltr'>qui</span> <span class='ocrx_word' id='word_1_33' title='bbox 127 609 217 655; x_wconf 87' lang='lat' dir='ltr'>falli</span> <span class='ocrx_word' id='word_1_34' title='bbox 239 626 327 654; x_wconf 86' lang='grc'>11011</span> <span class='ocrx_word' id='word_1_35' title='bbox 350 617 517 672; x_wconf 84' lang='lat' dir='ltr'>potest,</span> <span class='ocrx_word' id='word_1_36' title='bbox 548 625 636 653; x_wconf 87' lang='lat' dir='ltr'>non</span> <span class='ocrx_word' id='word_1_37' title='bbox 655 618 717 653; x_wconf 84' lang='lat' dir='ltr'>est</span> <span class='ocrx_word' id='word_1_38' title='bbox 741 606 994 653; x_wconf 87' lang='lat' dir='ltr'>adhibenda</span> <span class='ocrx_word' id='word_1_39' title='bbox 1028 605 1156 652; x_wconf 77' lang='lat' dir='ltr'>fallax</span> <span class='ocrx_word' id='word_1_40' title='bbox 1189 604 1378 651; x_wconf 80' lang='lat' dir='ltr'>defensio</span> <span class='ocrx_word' id='word_1_41' title='bbox 1395 643 1406 662; x_wconf 85' lang='lat'>‚</span> 
     </span>
     <span class='ocr_line' id='line_1_6' title="bbox 33 678 805 741; baseline -0.003 -16"><span class='ocrx_word' id='word_1_42' title='bbox 33 680 108 725; x_wconf 89' lang='lat' dir='ltr'>sed</span> <span class='ocrx_word' id='word_1_43' title='bbox 130 696 254 726; x_wconf 81' lang='lat' dir='ltr'>verax</span> <span class='ocrx_word' id='word_1_44' title='bbox 274 678 483 724; x_wconf 86' lang='lat' dir='ltr'>confessio</span> <span class='ocrx_word' id='word_1_45' title='bbox 506 688 805 741; x_wconf 85' lang='lat' dir='ltr'>peccatorum.</span> 
     </span>
    </p>

    <p class='ocr_par' dir='ltr' id='par_1_2' title="bbox 31 749 1448 2001">
     <span class='ocr_line' id='line_1_7' title="bbox 95 749 1415 812; baseline -0.004 -17"><span class='ocrx_word' id='word_1_46' title='bbox 95 749 213 796; x_wconf 86' lang='lat' dir='ltr'><strong>XIV.</strong></span> <span class='ocrx_word' id='word_1_47' title='bbox 240 751 296 794; x_wconf 82' lang='lat' dir='ltr'>Et</span> <span class='ocrx_word' id='word_1_48' title='bbox 319 749 391 794; x_wconf 89' lang='lat' dir='ltr'>alii</span> <span class='ocrx_word' id='word_1_49' title='bbox 417 749 594 812; x_wconf 88' lang='lat' dir='ltr'>quidem</span> <span class='ocrx_word' id='word_1_50' title='bbox 624 749 700 812; x_wconf 90' lang='lat' dir='ltr'>qui</span> <span class='ocrx_word' id='word_1_51' title='bbox 740 765 816 794; x_wconf 87' lang='lat' dir='ltr'>sua</span> <span class='ocrx_word' id='word_1_52' title='bbox 859 756 1175 793; x_wconf 85' lang='lat' dir='ltr'>consueverunt</span> <span class='ocrx_word' id='word_1_53' title='bbox 1214 762 1415 791; x_wconf 85' lang='lat' dir='ltr'>excusare</span> 
     </span>
     <span class='ocr_line' id='line_1_8' title="bbox 31 815 1419 884; baseline -0.004 -19"><span class='ocrx_word' id='word_1_54' title='bbox 31 830 212 884; x_wconf 83' lang='lat' dir='ltr'>peccata</span> <span class='ocrx_word' id='word_1_55' title='bbox 231 856 242 876; x_wconf 83' lang='lat'><strong>,</strong></span> <span class='ocrx_word' id='word_1_56' title='bbox 270 818 360 864; x_wconf 87' lang='lat' dir='ltr'>fato</span> <span class='ocrx_word' id='word_1_57' title='bbox 385 836 426 863; x_wconf 91' lang='lat' dir='ltr'>se</span> <span class='ocrx_word' id='word_1_58' title='bbox 444 819 499 864; x_wconf 89' lang='lat' dir='ltr'>ad</span> <span class='ocrx_word' id='word_1_59' title='bbox 521 818 796 882; x_wconf 81' lang='lat' dir='ltr'>peccandum</span> <span class='ocrx_word' id='word_1_60' title='bbox 821 828 1066 881; x_wconf 87' lang='lat' dir='ltr'>queruntur</span> <span class='ocrx_word' id='word_1_61' title='bbox 1088 815 1256 879; x_wconf 83' lang='lat' dir='ltr'>impelli</span> <span class='ocrx_word' id='word_1_62' title='bbox 1275 852 1286 872; x_wconf 83' lang='lat'>‚</span> <span class='ocrx_word' id='word_1_63' title='bbox 1316 826 1419 860; x_wconf 85' lang='lat' dir='ltr'>tan-</span> 
     </span>
     <span class='ocr_line' id='line_1_9' title="bbox 33 885 1418 953; baseline -0.004 -18"><span class='ocrx_word' id='word_1_64' title='bbox 33 907 165 953; x_wconf 84' lang='lat' dir='ltr'>quam</span> <span class='ocrx_word' id='word_1_65' title='bbox 188 889 274 935; x_wconf 88' lang='lat' dir='ltr'>hoc</span> <span class='ocrx_word' id='word_1_66' title='bbox 291 889 560 935; x_wconf 81' lang='lat' dir='ltr'><strong>decreverint</strong></span> <span class='ocrx_word' id='word_1_67' title='bbox 576 888 714 934; x_wconf 88' lang='lat' dir='ltr'>sidera</span> <span class='ocrx_word' id='word_1_68' title='bbox 735 926 745 945; x_wconf 77' lang='grc'>,</span> <span class='ocrx_word' id='word_1_69' title='bbox 766 899 808 933; x_wconf 91' lang='lat' dir='ltr'>et</span> <span class='ocrx_word' id='word_1_70' title='bbox 828 888 992 934; x_wconf 89' lang='lat' dir='ltr'>coelum</span> <span class='ocrx_word' id='word_1_71' title='bbox 1006 887 1127 951; x_wconf 83' lang='lat' dir='ltr'>prius</span> <span class='ocrx_word' id='word_1_72' title='bbox 1147 885 1248 931; x_wconf 89' lang='lat' dir='ltr'>talia</span> <span class='ocrx_word' id='word_1_73' title='bbox 1262 885 1418 931; x_wconf 86' lang='lat' dir='ltr'>decer-</span> 
     </span>
     <span class='ocr_line' id='line_1_10' title="bbox 35 956 1421 1022; baseline -0.002 -18"><span class='ocrx_word' id='word_1_74' title='bbox 35 959 180 1004; x_wconf 82' lang='lat' dir='ltr'>nendo</span> <span class='ocrx_word' id='word_1_75' title='bbox 190 959 438 1022; x_wconf 84' lang='lat' dir='ltr'>peccaverit</span> <span class='ocrx_word' id='word_1_76' title='bbox 452 996 464 1016; x_wconf 82' lang='lat'>‚</span> <span class='ocrx_word' id='word_1_77' title='bbox 490 969 538 1004; x_wconf 88' lang='lat' dir='ltr'>ut</span> <span class='ocrx_word' id='word_1_78' title='bbox 554 958 689 1004; x_wconf 87' lang='lat' dir='ltr'>homo</span> <span class='ocrx_word' id='word_1_79' title='bbox 713 969 861 1022; x_wconf 83' lang='lat' dir='ltr'>postea</span> <span class='ocrx_word' id='word_1_80' title='bbox 877 958 979 1004; x_wconf 88' lang='lat' dir='ltr'>talia</span> <span class='ocrx_word' id='word_1_81' title='bbox 995 956 1309 1003; x_wconf 88' lang='lat' dir='ltr'>committendo</span> <span class='ocrx_word' id='word_1_82' title='bbox 1319 973 1421 1019; x_wconf 84' lang='lat' dir='ltr'>pec-</span> 
     </span>
     <span class='ocr_line' id='line_1_11' title="bbox 41 1026 1424 1092; baseline -0.002 -18"><span class='ocrx_word' id='word_1_83' title='bbox 41 1039 172 1075; x_wconf 81' lang='lat' dir='ltr'><strong>caret.</strong></span> <span class='ocrx_word' id='word_1_84' title='bbox 206 1026 290 1074; x_wconf 86' lang='lat' dir='ltr'>Alii</span> <span class='ocrx_word' id='word_1_85' title='bbox 312 1028 501 1074; x_wconf 68' lang='lat' dir='ltr'>fortunae</span> <span class='ocrx_word' id='word_1_86' title='bbox 525 1029 693 1074; x_wconf 90' lang='lat' dir='ltr'>malunt</span> <span class='ocrx_word' id='word_1_87' title='bbox 714 1029 933 1092; x_wconf 88' lang='lat' dir='ltr'>imputare</span> <span class='ocrx_word' id='word_1_88' title='bbox 954 1027 1074 1091; x_wconf 88' lang='lat' dir='ltr'>quod</span> <span class='ocrx_word' id='word_1_89' title='bbox 1104 1038 1318 1091; x_wconf 88' lang='lat' dir='ltr'>peccant:</span> <span class='ocrx_word' id='word_1_90' title='bbox 1346 1026 1424 1091; x_wconf 90' lang='lat' dir='ltr'>qui</span> 
     </span>
     <span class='ocr_line' id='line_1_12' title="bbox 39 1097 1424 1161; baseline -0.003 -16"><span class='ocrx_word' id='word_1_91' title='bbox 39 1099 183 1145; x_wconf 85' lang='lat' dir='ltr'>onmia</span> <span class='ocrx_word' id='word_1_92' title='bbox 211 1098 401 1144; x_wconf 76' lang='lat' dir='ltr'>fortuitis</span> <span class='ocrx_word' id='word_1_93' title='bbox 426 1099 598 1144; x_wconf 81' lang='lat' dir='ltr'>casibus</span> <span class='ocrx_word' id='word_1_94' title='bbox 622 1099 773 1158; x_wconf 85' lang='lat' dir='ltr'>agitari</span> <span class='ocrx_word' id='word_1_95' title='bbox 792 1109 977 1161; x_wconf 80' lang='lat' dir='ltr'>putant3</span> <span class='ocrx_word' id='word_1_96' title='bbox 1009 1115 1088 1143; x_wconf 91' lang='lat' dir='ltr'>nec</span> <span class='ocrx_word' id='word_1_97' title='bbox 1108 1108 1253 1142; x_wconf 89' lang='lat' dir='ltr'>tamen</span> <span class='ocrx_word' id='word_1_98' title='bbox 1272 1097 1360 1142; x_wconf 89' lang='lat' dir='ltr'>hoc</span> <span class='ocrx_word' id='word_1_99' title='bbox 1383 1113 1424 1141; x_wconf 90' lang='lat' dir='ltr'>se</span> 
     </span>
     <span class='ocr_line' id='line_1_13' title="bbox 36 1167 1422 1231; baseline -0.004 -16"><span class='ocrx_word' id='word_1_100' title='bbox 36 1169 213 1216; x_wconf 86' lang='lat' dir='ltr'>fortuita</span> <span class='ocrx_word' id='word_1_101' title='bbox 232 1167 493 1223; x_wconf 83' lang='lat' dir='ltr'>temeritate‚</span> <span class='ocrx_word' id='word_1_102' title='bbox 536 1168 609 1213; x_wconf 87' lang='lat' dir='ltr'>sed</span> <span class='ocrx_word' id='word_1_103' title='bbox 640 1179 870 1231; x_wconf 83' lang='lat' dir='ltr'>perspecta</span> <span class='ocrx_word' id='word_1_104' title='bbox 896 1168 1061 1212; x_wconf 89' lang='lat' dir='ltr'>ratione</span> <span class='ocrx_word' id='word_1_105' title='bbox 1103 1183 1252 1229; x_wconf 78' lang='lat' dir='ltr'><strong>sapere</strong></span> <span class='ocrx_word' id='word_1_106' title='bbox 1291 1178 1422 1230; x_wconf 83' lang='lat' dir='ltr'>atque</span> 
     </span>
     <span class='ocr_line' id='line_1_14' title="bbox 44 1235 1428 1298; baseline -0.004 -14"><span class='ocrx_word' id='word_1_107' title='bbox 44 1256 281 1284; x_wconf 87' lang='lat' dir='ltr'>asseverare</span> <span class='ocrx_word' id='word_1_108' title='bbox 307 1237 591 1283; x_wconf 84' lang='lat' dir='ltr'>contendunt.</span> <span class='ocrx_word' id='word_1_109' title='bbox 626 1237 777 1293; x_wconf 83' lang='lat' dir='ltr'>Qualis</span> <span class='ocrx_word' id='word_1_110' title='bbox 801 1254 900 1297; x_wconf 84' lang='lat' dir='ltr'>ergo</span> <span class='ocrx_word' id='word_1_111' title='bbox 940 1235 1157 1281; x_wconf 86' lang='lat' dir='ltr'>dementia</span> <span class='ocrx_word' id='word_1_112' title='bbox 1182 1246 1246 1280; x_wconf 85' lang='lat' dir='ltr'>est</span> <span class='ocrx_word' id='word_1_113' title='bbox 1271 1236 1428 1298; x_wconf 53' lang='lat' dir='ltr'>dispu*</span> 
     </span>
     <span class='ocr_line' id='line_1_15' title="bbox 42 1305 1431 1363; baseline -0.004 -9"><span class='ocrx_word' id='word_1_114' title='bbox 42 1309 224 1355; x_wconf 88' lang='lat' dir='ltr'>tationes</span> <span class='ocrx_word' id='word_1_115' title='bbox 259 1325 353 1353; x_wconf 85' lang='lat' dir='ltr'>suas</span> <span class='ocrx_word' id='word_1_116' title='bbox 378 1308 535 1353; x_wconf 87' lang='lat' dir='ltr'>rationi</span> <span class='ocrx_word' id='word_1_117' title='bbox 575 1308 790 1363; x_wconf 79' lang='lat' dir='ltr'>tribuere,</span> <span class='ocrx_word' id='word_1_118' title='bbox 833 1317 875 1352; x_wconf 90' lang='lat' dir='ltr'>et</span> <span class='ocrx_word' id='word_1_119' title='bbox 913 1306 1100 1352; x_wconf 79' lang='lat' dir='ltr'>actiones</span> <span class='ocrx_word' id='word_1_120' title='bbox 1134 1322 1229 1349; x_wconf 88' lang='lat' dir='ltr'>suas</span> <span class='ocrx_word' id='word_1_121' title='bbox 1255 1305 1431 1350; x_wconf 80' lang='lat' dir='ltr'>casibus</span> 
     </span>
     <span class='ocr_line' id='line_1_16' title="bbox 45 1374 1435 1441; baseline -0.004 -17"><span class='ocrx_word' id='word_1_122' title='bbox 45 1380 311 1439; x_wconf 67' lang='lat' dir='ltr'>subjugare?</span> <span class='ocrx_word' id='word_1_123' title='bbox 339 1378 424 1424; x_wconf 86' lang='lat' dir='ltr'>Alii</span> <span class='ocrx_word' id='word_1_124' title='bbox 448 1389 590 1423; x_wconf 87' lang='lat' dir='ltr'>totum</span> <span class='ocrx_word' id='word_1_125' title='bbox 609 1377 728 1441; x_wconf 85' lang='lat' dir='ltr'>quod</span> <span class='ocrx_word' id='word_1_126' title='bbox 762 1377 874 1423; x_wconf 90' lang='lat' dir='ltr'>male</span> <span class='ocrx_word' id='word_1_127' title='bbox 903 1376 1096 1433; x_wconf 82' lang='lat' dir='ltr'>faciunt,</span> <span class='ocrx_word' id='word_1_128' title='bbox 1123 1375 1169 1420; x_wconf 87' lang='lat' dir='ltr'>in</span> <span class='ocrx_word' id='word_1_129' title='bbox 1206 1374 1435 1421; x_wconf 86' lang='lat' dir='ltr'>diabolum</span> 
     </span>
     <span class='ocr_line' id='line_1_17' title="bbox 53 1446 1435 1509; baseline -0.004 -14"><span class='ocrx_word' id='word_1_130' title='bbox 53 1450 277 1495; x_wconf 84' lang='lat' dir='ltr'>referunt:</span> <span class='ocrx_word' id='word_1_131' title='bbox 311 1466 390 1494; x_wconf 86' lang='lat' dir='ltr'>nec</span> <span class='ocrx_word' id='word_1_132' title='bbox 416 1448 571 1495; x_wconf 83' lang='lat' dir='ltr'>Volunt</span> <span class='ocrx_word' id='word_1_133' title='bbox 593 1466 694 1493; x_wconf 92' lang='lat' dir='ltr'>cum</span> <span class='ocrx_word' id='word_1_134' title='bbox 717 1447 792 1493; x_wconf 93' lang='lat' dir='ltr'>illo</span> <span class='ocrx_word' id='word_1_135' title='bbox 823 1447 988 1494; x_wconf 88' lang='lat' dir='ltr'>habere</span> <span class='ocrx_word' id='word_1_136' title='bbox 1010 1446 1078 1492; x_wconf 71' lang='lat' dir='ltr'>vel</span> <span class='ocrx_word' id='word_1_137' title='bbox 1105 1456 1275 1509; x_wconf 86' lang='lat' dir='ltr'>partem</span> <span class='ocrx_word' id='word_1_138' title='bbox 1294 1483 1306 1502; x_wconf 84' lang='grc'>,</span> <span class='ocrx_word' id='word_1_139' title='bbox 1334 1462 1435 1490; x_wconf 91' lang='lat' dir='ltr'>cum</span> 
     </span>
     <span class='ocr_line' id='line_1_18' title="bbox 48 1514 1439 1578; baseline -0.004 -13"><span class='ocrx_word' id='word_1_140' title='bbox 48 1518 172 1566; x_wconf 88' lang='lat' dir='ltr'>illum</span> <span class='ocrx_word' id='word_1_141' title='bbox 192 1519 276 1564; x_wconf 87' lang='lat' dir='ltr'>sibi</span> <span class='ocrx_word' id='word_1_142' title='bbox 305 1518 487 1564; x_wconf 91' lang='lat' dir='ltr'>occultis</span> <span class='ocrx_word' id='word_1_143' title='bbox 512 1518 856 1578; x_wconf 70' lang='lat' dir='ltr'>suggestionibus</span> <span class='ocrx_word' id='word_1_144' title='bbox 889 1516 1003 1562; x_wconf 87' lang='lat' dir='ltr'>mala</span> <span class='ocrx_word' id='word_1_145' title='bbox 1027 1516 1202 1561; x_wconf 82' lang='lat' dir='ltr'>suasisse</span> <span class='ocrx_word' id='word_1_146' title='bbox 1225 1514 1439 1578; x_wconf 88' lang='lat' dir='ltr'>suspicari</span> 
     </span>
     <span class='ocr_line' id='line_1_19' title="bbox 50 1583 1440 1654; baseline -0.005 -20"><span class='ocrx_word' id='word_1_147' title='bbox 50 1589 236 1654; x_wconf 78' lang='lat' dir='ltr'>possint,</span> <span class='ocrx_word' id='word_1_148' title='bbox 264 1606 306 1634; x_wconf 90' lang='lat' dir='ltr'>se</span> <span class='ocrx_word' id='word_1_149' title='bbox 329 1598 471 1633; x_wconf 85' lang='lat' dir='ltr'>autem</span> <span class='ocrx_word' id='word_1_150' title='bbox 506 1587 590 1633; x_wconf 78' lang='lat' dir='ltr'>illis</span> <span class='ocrx_word' id='word_1_151' title='bbox 629 1586 974 1647; x_wconf 81' lang='lat' dir='ltr'>suggestionibus</span> <span class='ocrx_word' id='word_1_152' title='bbox 998 1584 1307 1646; x_wconf 86' lang='lat' dir='ltr'>undecumque</span> <span class='ocrx_word' id='word_1_153' title='bbox 1341 1583 1440 1629; x_wconf 81' lang='lat' dir='ltr'>fue-</span> 
     </span>
     <span class='ocr_line' id='line_1_20' title="bbox 52 1654 1438 1719; baseline -0.005 -15"><span class='ocrx_word' id='word_1_154' title='bbox 52 1660 166 1716; x_wconf 84' lang='lat' dir='ltr'>rint,</span> <span class='ocrx_word' id='word_1_155' title='bbox 208 1659 466 1704; x_wconf 89' lang='lat' dir='ltr'>consensisse</span> <span class='ocrx_word' id='word_1_156' title='bbox 486 1657 690 1703; x_wconf 87' lang='lat' dir='ltr'>dubitare</span> <span class='ocrx_word' id='word_1_157' title='bbox 725 1674 814 1702; x_wconf 89' lang='lat' dir='ltr'>non</span> <span class='ocrx_word' id='word_1_158' title='bbox 837 1655 1016 1719; x_wconf 85' lang='lat' dir='ltr'>possint.</span> <span class='ocrx_word' id='word_1_159' title='bbox 1047 1655 1160 1699; x_wconf 88' lang='lat' dir='ltr'>Sunt</span> <span class='ocrx_word' id='word_1_160' title='bbox 1195 1654 1326 1698; x_wconf 84' lang='lat' dir='ltr'>etiam</span> <span class='ocrx_word' id='word_1_161' title='bbox 1361 1654 1438 1717; x_wconf 85' lang='lat' dir='ltr'>qui</span> 
     </span>
     <span class='ocr_line' id='line_1_21' title="bbox 55 1724 1441 1780; baseline -0.003 -6"><span class='ocrx_word' id='word_1_162' title='bbox 55 1729 373 1775; x_wconf 84' lang='lat' dir='ltr'>excusationem</span> <span class='ocrx_word' id='word_1_163' title='bbox 409 1745 532 1773; x_wconf 91' lang='lat' dir='ltr'>suam</span> <span class='ocrx_word' id='word_1_164' title='bbox 557 1727 794 1773; x_wconf 81' lang='lat' dir='ltr'>extendunt</span> <span class='ocrx_word' id='word_1_165' title='bbox 817 1727 862 1771; x_wconf 86' lang='lat' dir='ltr'>in</span> <span class='ocrx_word' id='word_1_166' title='bbox 887 1725 1203 1771; x_wconf 76' lang='lat' dir='ltr'>accusationem</span> <span class='ocrx_word' id='word_1_167' title='bbox 1231 1724 1312 1769; x_wconf 90' lang='lat' dir='ltr'>Dei</span> <span class='ocrx_word' id='word_1_168' title='bbox 1330 1761 1341 1780; x_wconf 74' lang='grc'>,</span> <span class='ocrx_word' id='word_1_169' title='bbox 1370 1724 1441 1770; x_wconf 90' lang='lat' dir='ltr'>di-</span> 
     </span>
     <span class='ocr_line' id='line_1_22' title="bbox 56 1794 1445 1858; baseline -0.003 -14"><span class='ocrx_word' id='word_1_170' title='bbox 56 1800 157 1846; x_wconf 89' lang='lat' dir='ltr'>vino</span> <span class='ocrx_word' id='word_1_171' title='bbox 168 1794 339 1858; x_wconf 89' lang='lat' dir='ltr'>judicio</span> <span class='ocrx_word' id='word_1_172' title='bbox 356 1798 497 1843; x_wconf 89' lang='lat' dir='ltr'>miseri</span> <span class='ocrx_word' id='word_1_173' title='bbox 515 1835 525 1854; x_wconf 78' lang='grc'>,</span> <span class='ocrx_word' id='word_1_174' title='bbox 555 1815 632 1843; x_wconf 89' lang='lat' dir='ltr'>suo</span> <span class='ocrx_word' id='word_1_175' title='bbox 648 1809 790 1843; x_wconf 89' lang='lat' dir='ltr'>autem</span> <span class='ocrx_word' id='word_1_176' title='bbox 810 1797 956 1842; x_wconf 84' lang='lat' dir='ltr'>furore</span> <span class='ocrx_word' id='word_1_177' title='bbox 979 1795 1242 1858; x_wconf 85' lang='lat' dir='ltr'>blasphemi.</span> <span class='ocrx_word' id='word_1_178' title='bbox 1273 1795 1445 1841; x_wconf 86' lang='lat' dir='ltr'>Etenim</span> 
     </span>
     <span class='ocr_line' id='line_1_23' title="bbox 61 1864 1441 1931; baseline -0.004 -17"><span class='ocrx_word' id='word_1_179' title='bbox 61 1869 264 1915; x_wconf 82' lang='lat' dir='ltr'>adversus</span> <span class='ocrx_word' id='word_1_180' title='bbox 289 1886 388 1914; x_wconf 92' lang='lat' dir='ltr'>eum</span> <span class='ocrx_word' id='word_1_181' title='bbox 412 1885 458 1913; x_wconf 87' lang='lat' dir='ltr'>ex</span> <span class='ocrx_word' id='word_1_182' title='bbox 480 1868 695 1914; x_wconf 87' lang='lat' dir='ltr'>contrario</span> <span class='ocrx_word' id='word_1_183' title='bbox 720 1867 942 1931; x_wconf 86' lang='lat' dir='ltr'>principio</span> <span class='ocrx_word' id='word_1_184' title='bbox 960 1866 1178 1912; x_wconf 87' lang='lat' dir='ltr'>inducunt</span> <span class='ocrx_word' id='word_1_185' title='bbox 1202 1864 1305 1910; x_wconf 90' lang='lat' dir='ltr'>mali</span> <span class='ocrx_word' id='word_1_186' title='bbox 1330 1866 1441 1911; x_wconf 90' lang='lat' dir='ltr'>sub-</span> 
     </span>
     <span class='ocr_line' id='line_1_24' title="bbox 61 1935 1448 2001; baseline -0.003 -17"><span class='ocrx_word' id='word_1_187' title='bbox 61 1939 261 1985; x_wconf 87' lang='lat' dir='ltr'>stantiam</span> <span class='ocrx_word' id='word_1_188' title='bbox 290 1938 571 1984; x_wconf 82' lang='lat' dir='ltr'>rebellantem</span> <span class='ocrx_word' id='word_1_189' title='bbox 591 1976 602 1994; x_wconf 76' lang='grc'><em>,</em></span> <span class='ocrx_word' id='word_1_190' title='bbox 638 1939 709 1984; x_wconf 91' lang='lat' dir='ltr'>cui</span> <span class='ocrx_word' id='word_1_191' title='bbox 744 1955 831 1983; x_wconf 90' lang='lat' dir='ltr'>non</span> <span class='ocrx_word' id='word_1_192' title='bbox 867 1938 1080 2001; x_wconf 85' lang='lat' dir='ltr'>potuisset</span> <span class='ocrx_word' id='word_1_193' title='bbox 1112 1937 1331 1990; x_wconf 80' lang='lat' dir='ltr'>resistere,</span> <span class='ocrx_word' id='word_1_194' title='bbox 1364 1935 1448 1980; x_wconf 89' lang='lat' dir='ltr'>nisi</span> 
     </span>
    </p>

    <p class='ocr_par' dir='ltr' id='par_1_3' title="bbox 0 2005 1461 2754">
     <span class='ocr_line' id='line_1_25' title="bbox 0 2005 1443 2076; baseline -0.003 -21"><span class='ocrx_word' id='word_1_195' title='bbox 0 2072 1 2076; x_wconf 10' lang='grc' dir='ltr'><strong>Ἰ</strong></span> <span class='ocrx_word' id='word_1_196' title='bbox 61 2009 316 2055; x_wconf 61' lang='lat' dir='ltr'>substantiae</span> <span class='ocrx_word' id='word_1_197' title='bbox 334 2019 589 2072; x_wconf 81' lang='lat' dir='ltr'>naturaeque</span> <span class='ocrx_word' id='word_1_198' title='bbox 612 2025 702 2055; x_wconf 85' lang='lat' dir='ltr'>suae</span> <span class='ocrx_word' id='word_1_199' title='bbox 727 2019 894 2071; x_wconf 77' lang='lat' dir='ltr'>partem</span> <span class='ocrx_word' id='word_1_200' title='bbox 913 2007 1053 2053; x_wconf 89' lang='lat' dir='ltr'>eidem</span> <span class='ocrx_word' id='word_1_201' title='bbox 1077 2005 1306 2051; x_wconf 80' lang='lat' dir='ltr'>rebellanti</span> <span class='ocrx_word' id='word_1_202' title='bbox 1333 2023 1443 2051; x_wconf 90' lang='lat' dir='ltr'>eon-</span> 
     </span>
     <span class='ocr_line' id='line_1_26' title="bbox 0 2077 1448 2141; baseline -0.002 -18"><span class='ocrx_word' id='word_1_203' title='bbox 0 2081 1 2093; x_wconf 62' lang='lat'><em>*</em></span> <span class='ocrx_word' id='word_1_204' title='bbox 66 2078 362 2124; x_wconf 85' lang='lat' dir='ltr'>taminandam</span> <span class='ocrx_word' id='word_1_205' title='bbox 401 2078 856 2141; x_wconf 81' lang='lat' dir='ltr'>corrumpendamque</span> <span class='ocrx_word' id='word_1_206' title='bbox 892 2077 1170 2122; x_wconf 86' lang='lat' dir='ltr'>miscuisset:</span> <span class='ocrx_word' id='word_1_207' title='bbox 1205 2086 1246 2120; x_wconf 89' lang='lat' dir='ltr'>et</span> <span class='ocrx_word' id='word_1_208' title='bbox 1276 2085 1381 2120; x_wconf 91' lang='lat' dir='ltr'>tunc</span> <span class='ocrx_word' id='word_1_209' title='bbox 1407 2093 1448 2121; x_wconf 91' lang='lat' dir='ltr'>se</span> 
     </span>
     <span class='ocr_line' id='line_1_27' title="bbox 67 2145 1449 2213; baseline -0.003 -19"><span class='ocrx_word' id='word_1_210' title='bbox 67 2165 248 2213; x_wconf 85' lang='lat' dir='ltr'>peccare</span> <span class='ocrx_word' id='word_1_211' title='bbox 278 2148 461 2204; x_wconf 78' lang='lat' dir='ltr'>dicunt,</span> <span class='ocrx_word' id='word_1_212' title='bbox 499 2148 675 2211; x_wconf 87' lang='lat' dir='ltr'>quando</span> <span class='ocrx_word' id='word_1_213' title='bbox 708 2159 863 2193; x_wconf 86' lang='lat' dir='ltr'>natura</span> <span class='ocrx_word' id='word_1_214' title='bbox 899 2147 1002 2192; x_wconf 87' lang='lat' dir='ltr'>mali</span> <span class='ocrx_word' id='word_1_215' title='bbox 1031 2145 1243 2209; x_wconf 78' lang='lat' dir='ltr'>praevalet</span> <span class='ocrx_word' id='word_1_216' title='bbox 1280 2156 1449 2191; x_wconf 73' lang='lat' dir='ltr'>naturae</span> 
     </span>
     <span class='ocr_line' id='line_1_28' title="bbox 70 2216 1451 2278; baseline -0.003 -13"><span class='ocrx_word' id='word_1_217' title='bbox 70 2219 164 2265; x_wconf 90' lang='lat' dir='ltr'>Dei.</span> <span class='ocrx_word' id='word_1_218' title='bbox 187 2219 296 2264; x_wconf 77' lang='lat' dir='ltr'>Haec</span> <span class='ocrx_word' id='word_1_219' title='bbox 323 2217 668 2263; x_wconf 62' lang='lat' dir='ltr'>Manichaeorum</span> <span class='ocrx_word' id='word_1_220' title='bbox 690 2229 751 2263; x_wconf 82' lang='lat' dir='ltr'>est</span> <span class='ocrx_word' id='word_1_221' title='bbox 771 2217 1118 2263; x_wconf 86' lang='lat' dir='ltr'>immundissima</span> <span class='ocrx_word' id='word_1_222' title='bbox 1136 2216 1319 2272; x_wconf 79' lang='lat' dir='ltr'>insania,</span> <span class='ocrx_word' id='word_1_223' title='bbox 1343 2233 1451 2278; x_wconf 86' lang='lat' dir='ltr'>quo-</span> 
     </span>
     <span class='ocr_line' id='line_1_29' title="bbox 70 2287 1452 2336; baseline -0.003 0"><span class='ocrx_word' id='word_1_224' title='bbox 70 2306 166 2336; x_wconf 90' lang='lat' dir='ltr'>rum</span> <span class='ocrx_word' id='word_1_225' title='bbox 197 2288 549 2334; x_wconf 85' lang='lat' dir='ltr'>machinamenta</span> <span class='ocrx_word' id='word_1_226' title='bbox 586 2289 802 2335; x_wconf 86' lang='lat' dir='ltr'>diabolica</span> <span class='ocrx_word' id='word_1_227' title='bbox 839 2287 1045 2334; x_wconf 82' lang='lat' dir='ltr'>facillime</span> <span class='ocrx_word' id='word_1_228' title='bbox 1087 2287 1242 2332; x_wconf 87' lang='lat' dir='ltr'>veritas</span> <span class='ocrx_word' id='word_1_229' title='bbox 1266 2287 1452 2333; x_wconf 87' lang='lat' dir='ltr'>indubi-</span> 
     </span>
     <span class='ocr_line' id='line_1_30' title="bbox 72 2357 1451 2422; baseline -0.003 -16"><span class='ocrx_word' id='word_1_230' title='bbox 72 2370 162 2406; x_wconf 84' lang='lat' dir='ltr'>tata</span> <span class='ocrx_word' id='word_1_231' title='bbox 182 2359 413 2415; x_wconf 80' lang='lat' dir='ltr'>subvertit,</span> <span class='ocrx_word' id='word_1_232' title='bbox 429 2376 532 2422; x_wconf 58' lang='lat' dir='ltr'>quae</span> <span class='ocrx_word' id='word_1_233' title='bbox 550 2360 631 2404; x_wconf 90' lang='lat' dir='ltr'>Dei</span> <span class='ocrx_word' id='word_1_234' title='bbox 654 2370 857 2405; x_wconf 80' lang='lat' dir='ltr'>naturam</span> <span class='ocrx_word' id='word_1_235' title='bbox 873 2357 1305 2404; x_wconf 83' lang='lat' dir='ltr'>incontaminabilem</span> <span class='ocrx_word' id='word_1_236' title='bbox 1325 2368 1451 2421; x_wconf 84' lang='lat' dir='ltr'>atque</span> 
     </span>
     <span class='ocr_line' id='line_1_31' title="bbox 77 2428 1454 2492; baseline -0.002 -15"><span class='ocrx_word' id='word_1_237' title='bbox 77 2429 456 2492; x_wconf 84' lang='lat' dir='ltr'>incorruptibilem</span> <span class='ocrx_word' id='word_1_238' title='bbox 477 2431 724 2477; x_wconf 86' lang='lat' dir='ltr'>confitetur.</span> <span class='ocrx_word' id='word_1_239' title='bbox 752 2430 873 2487; x_wconf 82' lang='lat' dir='ltr'>Quid</span> <span class='ocrx_word' id='word_1_240' title='bbox 895 2441 1037 2475; x_wconf 86' lang='lat' dir='ltr'>autem</span> <span class='ocrx_word' id='word_1_241' title='bbox 1058 2428 1283 2488; x_wconf 81' lang='lat' dir='ltr'>flagitiosae</span> <span class='ocrx_word' id='word_1_242' title='bbox 1307 2439 1454 2474; x_wconf 86' lang='lat' dir='ltr'>conta-</span> 
     </span>
     <span class='ocr_line' id='line_1_32' title="bbox 79 2496 1454 2562; baseline -0.002 -16"><span class='ocrx_word' id='word_1_243' title='bbox 79 2498 331 2546; x_wconf 89' lang='lat' dir='ltr'>minationis</span> <span class='ocrx_word' id='word_1_244' title='bbox 352 2509 393 2543; x_wconf 91' lang='lat' dir='ltr'>et</span> <span class='ocrx_word' id='word_1_245' title='bbox 420 2500 712 2562; x_wconf 83' lang='lat' dir='ltr'>corruptionis</span> <span class='ocrx_word' id='word_1_246' title='bbox 740 2499 793 2545; x_wconf 89' lang='lat' dir='ltr'>de</span> <span class='ocrx_word' id='word_1_247' title='bbox 821 2500 911 2545; x_wconf 88' lang='lat' dir='ltr'>istis</span> <span class='ocrx_word' id='word_1_248' title='bbox 939 2498 1093 2544; x_wconf 90' lang='lat' dir='ltr'>merito</span> <span class='ocrx_word' id='word_1_249' title='bbox 1117 2515 1205 2542; x_wconf 88' lang='lat' dir='ltr'>non</span> <span class='ocrx_word' id='word_1_250' title='bbox 1244 2496 1454 2555; x_wconf 79' lang='lat' dir='ltr'>creditur,</span> 
     </span>
     <span class='ocr_line' id='line_1_33' title="bbox 85 2566 1461 2633; baseline 0.001 -16"><span class='ocrx_word' id='word_1_251' title='bbox 85 2588 107 2617; x_wconf 83' lang='lat' dir='ltr'>a</span> <span class='ocrx_word' id='word_1_252' title='bbox 129 2569 293 2633; x_wconf 86' lang='lat' dir='ltr'>quibus</span> <span class='ocrx_word' id='word_1_253' title='bbox 314 2569 443 2624; x_wconf 79' lang='lat' dir='ltr'>Deus,</span> <span class='ocrx_word' id='word_1_254' title='bbox 468 2569 544 2632; x_wconf 92' lang='lat' dir='ltr'>qui</span> <span class='ocrx_word' id='word_1_255' title='bbox 560 2587 725 2616; x_wconf 88' lang='lat' dir='ltr'>summe</span> <span class='ocrx_word' id='word_1_256' title='bbox 748 2580 874 2633; x_wconf 85' lang='lat' dir='ltr'>atque</span> <span class='ocrx_word' id='word_1_257' title='bbox 898 2566 1300 2631; x_wconf 86' lang='lat' dir='ltr'>incomparabiliter</span> <span class='ocrx_word' id='word_1_258' title='bbox 1316 2568 1461 2618; x_wconf 85' lang='lat' dir='ltr'>bonus</span> 
     </span>
     <span class='ocr_line' id='line_1_34' title="bbox 4 2637 1206 2754; baseline -0.002 -67"><span class='ocrx_word' id='word_1_259' title='bbox 4 2647 8 2754; x_wconf 61' lang='lat' dir='ltr'>i</span> <span class='ocrx_word' id='word_1_260' title='bbox 93 2650 180 2697; x_wconf 78' lang='lat' dir='ltr'>est,</span> <span class='ocrx_word' id='word_1_261' title='bbox 219 2639 570 2686; x_wconf 86' lang='lat' dir='ltr'>contaminabilis</span> <span class='ocrx_word' id='word_1_262' title='bbox 587 2651 628 2685; x_wconf 89' lang='lat' dir='ltr'>et</span> <span class='ocrx_word' id='word_1_263' title='bbox 655 2639 955 2704; x_wconf 86' lang='lat' dir='ltr'>corruptibilis</span> <span class='ocrx_word' id='word_1_264' title='bbox 984 2637 1206 2686; x_wconf 70' lang='lat' dir='ltr'>creditur?</span> 
     </span>
    </p>
   </div>
   <div class='ocr_carea' id='block_1_2' title="bbox 9 3096 15 3224">
    <p class='ocr_par' dir='ltr' id='par_1_4' title="bbox 9 3096 15 3224">
     <span class='ocr_line' id='line_1_35' title="bbox 9 3096 15 3224; baseline 0 -6"><span class='ocrx_word' id='word_1_265' title='bbox 9 3096 15 3224; x_wconf 76' lang='grc' dir='ltr'>ἒ,</span> 
     </span>
    </p>
   </div>
   <div class='ocr_carea' id='block_1_3' title="bbox 0 3170 14 3246">
    <p class='ocr_par' dir='ltr' id='par_1_5' title="bbox 0 3170 14 3246">
     <span class='ocr_line' id='line_1_36' title="bbox 0 3170 14 3246; textangle 90"><span class='ocrx_word' id='word_1_266' title='bbox 0 3170 14 3246; x_wconf 58' lang='lat'><em>3...-</em></span> 
     </span>
    </p>
   </div>
  </div>
 </body>
</html>
