1758 3246
308 300 394 344 106
719 314 754 346 s.
797 313 1045 347 Aueusrml
1079 315 1281 346 EPISCOPI

296 395 382 424 una
393 377 628 442 eademque
640 395 686 426 re
702 390 744 426 et
757 381 963 427 nescienti
981 381 1116 427 sciens
1134 418 1144 437 ‚
1167 392 1208 427 et
1227 380 1386 427 erranti
1397 398 1485 428 non
1506 399 1669 441 errans,

298 459 414 494 recta
431 449 594 496 ratione
618 451 906 514 praeponitur.
933 452 983 496 In
1003 451 1179 497 diversis
1197 462 1338 497 autem
1354 452 1481 497 rebus
1495 489 1505 508 ,
1527 453 1574 499 id
1590 464 1670 510 est,

297 533 398 563 cum
420 517 499 564 iste
525 520 635 565 sciat
657 519 738 566 alia
755 556 766 575 ‚
799 519 869 565 ille
896 520 1009 573 alia3
1040 530 1082 565 et
1103 521 1180 565 iste
1205 521 1377 567 utiliora
1393 558 1403 576 ‚
1432 522 1503 567 ille
1528 523 1672 569 minus

296 587 435 644 utilia,
456 588 525 635 vel
547 590 675 635 etiam
694 589 818 634 noxia
845 606 855 633 :
886 589 983 651 quis
1021 606 1109 634 non
1131 590 1179 634 in
1210 590 1268 634 eis
1288 607 1389 653 quae
1413 591 1482 636 ille
1505 591 1587 636 scit
1601 628 1612 646 ‚
1634 590 1675 637 ei

295 656 499 719 praeferat
519 658 806 703 nescientem?
841 657 954 703 Sunt
986 658 1102 704 enim
1136 659 1341 721 quaedam
1376 676 1475 723 quae
1509 661 1675 707 nescire

297 742 429 789 quam
448 727 556 772 scire
587 728 641 772 sit
675 727 842 773 melius.
871 728 1068 790 Itemque
1103 728 1321 774 nonnullis
1355 746 1494 775 errare
1510 729 1680 792 profuit

297 795 556 873 aliquando,
585 796 659 841 sed
682 797 727 842 in
761 797 830 842 via
849 797 1016 860 pedum
1033 835 1044 853 ‚
1072 815 1160 843 non
1181 799 1227 843 in
1246 798 1316 843 via
1355 816 1540 846 morum.
1564 801 1679 845 Nam

295 866 451 911 nobis
440 866 543 928 ipsis
559 865 735 921 accidit,
764 875 812 911 ut
828 865 874 910 in
888 866 1081 929 quodam
1106 867 1227 912 bivio
1246 867 1368 922 fiillel
1371 885 1511 920 emur
1533 878 1575 914 et
1591 886 1680 915 non
1747 917 1749 924 ⁴

293 935 451 980 iremus
475 952 553 998 per
572 951 672 980 eum
695 934 843 980 locum
867 935 946 980 ubi
972 936 1208 998 opperiens
1235 938 1459 983 transitum
1480 948 1679 984 nostrum

295 998 621 1044 Donatistarum
662 1015 815 1043 manus
849 1009 1013 1044 armata
1037 1000 1332 1045 subsederat
1317 1003 1424 1063 1):
1466 1016 1594 1065 atque
1617 1002 1680 1047 ita
1746 995 1756 1012 ⁵

292 1066 558 1123 factumest,
582 1078 631 1113 ut
652 1084 702 1113 eo
725 1084 812 1130 quo
838 1068 1150 1125 tendebamus,
1195 1087 1272 1132 per
1301 1031 1477 1116 devium
1515 1071 1680 1117 circui-
1746 1079 1747 1083 ’

294 1147 390 1182 tum
415 1138 684 1184 veniremus:
713 1137 984 1201 cognitisque
1003 1106 1170 1184 insidiis
1206 1139 1380 1185 illorum
1399 1177 1410 1195 ‚
1431 1158 1508 1186 nos
1525 1152 1680 1201 gratu-

298 1207 489 1253 laremur
507 1225 688 1264 errasse,
716 1219 844 1271 atque
864 1208 964 1254 inde
986 1209 1150 1268 gratias
1185 1226 1405 1269 ageremus
1438 1211 1539 1256 Deo.
1572 1211 1686 1267 Quis

297 1295 399 1339 ergo
425 1279 632 1324 viatorem
666 1279 726 1324 sic
749 1289 964 1323 errantem
987 1279 1047 1324 sic
1080 1296 1168 1324 non
1187 1280 1347 1325 erranti
1371 1280 1531 1325 latroni
1559 1297 1683 1344 prae-
1744 1272 1754 1329 ¹.

298 1364 459 1410 ponere
484 1347 783 1394 dubitaverit?
808 1348 862 1392 Et
872 1348 1047 1393 fortasse
1071 1348 1167 1394 ideo
1182 1349 1301 1412 apud
1318 1349 1443 1395 illum
1461 1366 1682 1399 summum
1743 1362 1746 1397 ζ

297 1418 481 1464 Poetam
502 1418 683 1481 loquens
697 1417 877 1480 quidam
901 1418 1029 1463 miser
1052 1428 1218 1463 amator
1236 1436 1246 1463 :
1744 1414 1745 1418 ¹

491 1566 534 1594 Ut
552 1563 629 1601 vidi,
647 1563 762 1604 inquit,
777 1569 812 1594 ut
825 1563 915 1606 perii,
937 1571 971 1594 ut
988 1575 1038 1594 me
1053 1564 1151 1594 malus
1164 1564 1294 1595 abstulit
1313 1574 1403 1595 error
1416 1564 1426 1584 ¹
1437 1587 1443 1593 .

296 1685 503 1747 quoniam
520 1696 583 1730 est
598 1695 640 1730 et
659 1701 777 1730 error
800 1684 966 1739 honus,
1006 1684 1082 1747 qui
1107 1701 1194 1729 non
1220 1683 1360 1729 solum
1382 1682 1494 1728 nihil
1521 1681 1637 1727 obsit
1658 1718 1671 1738 ‚

298 1754 581 1799 verumetiam
618 1754 756 1817 prosit
797 1751 975 1816 aliquid.
1010 1753 1094 1798 Sed
1125 1753 1374 1813 diligentius
1410 1751 1682 1798 considerata
1740 1752 1751 1796 ἓξ

300 1825 478 1870 veritate
495 1861 505 1880 ,
532 1842 634 1870 cum
655 1824 773 1869 aliud
794 1824 907 1870 nihil
925 1824 978 1869 sit
996 1840 1136 1868 errare
1153 1860 1164 1879 ,
1191 1839 1324 1886 quam
1348 1839 1500 1868 verum
1520 1831 1675 1884 putare
1739 1853 1742 1885 5

300 1895 419 1957 quod
445 1894 600 1940 falsum
619 1905 705 1950 est,
731 1895 975 1957 falsumque
991 1893 1111 1957 quod
1135 1911 1283 1939 verum
1304 1903 1366 1938 est
1384 1913 1395 1945 ;
1415 1892 1482 1937 vel
1508 1902 1676 1937 certum

296 1965 459 2011 habere
473 1983 554 2028 pro
570 1966 1033 2022 itoeert0‚incertu1nve
1047 1982 1127 2028 pro
1142 1976 1277 2019 certo,
1301 1964 1387 2009 sive
1401 1963 1556 2008 falsum
1566 1999 1577 2018 ,
1597 1962 1684 2008 sive
1739 1961 1751 2016 f*

296 2036 349 2081 sit
359 2052 533 2081 verum:
559 2035 605 2080 id
616 2052 699 2097 que
711 2035 862 2080 tamsit
878 2035 1077 2080 inanimo
1095 2034 1285 2079 deforme
1309 2044 1439 2096 atque
1451 2031 1678 2088 indecens,
1738 2035 1748 2082 ;’·

299 2123 430 2169 quam
441 2105 679 2168 pulchrum
690 2115 732 2150 et
741 2105 952 2150 decorum
963 2122 1049 2150 esse
1058 2105 1266 2150 sentimus
1275 2141 1286 2158 ‚
1304 2103 1372 2149 vel
1382 2104 1427 2148 in
1443 2101 1680 2164 loquendo,

300 2175 368 2222 vel
383 2176 428 2220 in
445 2175 736 2231 assentiendo,
766 2175 866 2230 Est,
894 2185 977 2220 est:
1007 2176 1105 2219 ‘Non
1123 2211 1134 2228 ‚
1162 2191 1248 2218 non
1265 2174 1281 2201 2
1307 2172 1535 2236 :profecto
1559 2181 1600 2216 et
1624 2171 1683 2216 ob
1736 2193 1740 2237 *ᾗ

297 2246 383 2292 hoc
402 2246 553 2309 ipsum·
588 2256 650 2291 est
686 2245 774 2291 vita
808 2245 960 2290 misera
998 2245 1078 2290 ista
1123 2261 1209 2307 qua
1250 2244 1458 2298 vivimus,
1499 2241 1620 2305 quod
1642 2240 1682 2286 ei
1736 2246 1740 2268 ³

302 2332 649 2379 nonnunquam,
694 2326 743 2360 ut
776 2332 864 2361 non
899 2315 1147 2368 amittatur,
1182 2331 1300 2359 error
1315 2323 1379 2359 est
1400 2312 1677 2357 necessarius.
1734 2376 1737 2382 I

305 2386 431 2432 Absit
454 2396 503 2432 ut
527 2386 623 2431 talis
646 2385 701 2431 sit
714 2386 787 2431 illa
812 2386 900 2432 vita
926 2423 937 2442 ‚
966 2386 1043 2431 ubi
1070 2396 1132 2430 est
1147 2385 1303 2430 animae
1320 2393 1476 2429 nostrae
1495 2382 1589 2445 ipsa
1606 2397 1685 2427 ve-
1735 2384 1738 2421 ἰ

300 2457 403 2501 ritas
422 2456 534 2510 vita3
564 2456 640 2501 ubi
654 2473 781 2502 nemo
799 2456 910 2502 fallit
925 2492 936 2511 ‚
959 2455 1126 2500 fallitur
1144 2471 1290 2501 nemo.
1321 2453 1406 2498 Hic
1426 2461 1569 2497 autem
1595 2449 1684 2495 ho-

302 2526 438 2571 mines
475 2525 633 2572 fallunt
656 2537 786 2589 atque
820 2525 1058 2578 falluntur3
1085 2524 1409 2586 miserioresque
1443 2531 1546 2567 sunt
1579 2535 1682 2567 cum
1733 2566 1736 2582 ί

348 2625 357 2646 ¹
375 2624 489 2667 viu-git.
507 2625 612 2667 Eclog.
629 2633 779 2668 v111‚41.
797 2645 839 2651 —
853 2625 869 2648 ²
886 2625 1005 2658 Matth.
1025 2635 1054 2663 v,
1073 2626 1130 2664 37.
