1758 3246
319 301 401 348 19⁸2
713 299 745 328 S.
791 297 1030 328 AUGUSTINI
1067 297 1268 328 EPISCOI’I

308 364 542 421 homimis,
565 364 611 410 in
633 380 720 427 quo
751 380 791 408 se
833 363 960 409 nohis
999 363 1052 409 ad
1089 363 1330 427 exemplum
1353 364 1454 410 vitae
1493 365 1686 428 praebuit
1740 395 1742 397 -

310 435 443 481 Filius
469 434 561 481 Dei.

372 506 496 550 XIII.
537 505 689 566 Itaque
716 507 809 562 jam
844 513 886 547 et
915 502 1094 547 masculi
1132 513 1174 546 et
1219 503 1438 555 foeminae,
1466 514 1509 550 et
1543 506 1682 551 omnis
1736 509 1739 541 ἓ

307 587 432 632 zetas,
455 574 643 620 etomnis
655 574 788 632 hujus
806 573 952 618 saeculi
973 572 1158 631 dignitas
1177 572 1230 617 ad
1251 590 1371 636 spem
1388 575 1488 620 vitae
1508 586 1684 621 aeternae

307 655 526 693 commota
546 654 621 690 est.
646 643 729 688 Alii
749 642 950 701 neglectis
972 642 1285 703 temporalibus
1304 643 1430 688 honis
1447 645 1686 690 convolant
1737 626 1743 666 ἱ

305 718 360 766 ad
389 717 551 763 divina.
583 714 667 759 Alii
679 713 1003 758 cedunteorum
1014 712 1250 757 Virtutibus
1278 713 1354 775 qui
1377 713 1474 759 haec
1492 714 1682 772 faciunt,
1740 751 1744 775 ;

308 806 351 841 et
376 792 558 839 laudant
576 789 695 853 quod
719 789 879 834 imitari
904 806 992 834 non
1013 787 1187 834 audent.
1221 789 1352 834 Pauci
1378 800 1519 835 autem
1540 790 1687 837 adhuc
1740 787 1744 835 ᾖ

305 872 603 915 murmurant,
626 871 666 905 et
684 859 802 904 inani
822 859 954 904 livore
968 869 1242 921 torquentur,
1272 871 1346 905 aut
1376 860 1453 923 qui
1475 877 1549 906 sua
1568 877 1688 924 quae—

307 945 411 983 runt
433 935 478 979 in
500 931 718 985 Ecclesia,
753 931 949 992 quamvis
989 928 1218 975 videantur
1259 930 1493 986 catholici,
1531 942 1605 976 aut
1641 948 1689 976 ex
1742 926 1745 968 ἶ

307 1008 402 1071 ipso
449 1001 614 1048 Christi
648 1000 823 1045 nomine
861 999 1042 1059 gloriam
1086 1010 1327 1062 quaerentes
1361 1000 1576 1057 haeretici,
1616 1012 1691 1046 aut
1743 1029 1747 1064 ⁴.

307 1084 539 1140 peccatum
579 1069 814 1134 impietatis
858 1086 946 1114 suae
988 1069 1216 1114 defendere
1247 1070 1472 1132 cupientes
1519 1070 1686 1126 Judaei‚
1745 1089 1748 1096 ·

310 1157 384 1192 aut
406 1142 699 1191 curiositatem
717 1156 842 1187 vanae
866 1139 1055 1184 licentiae
1073 1139 1252 1202 perdere
1278 1141 1474 1185 timentes
1511 1141 1684 1203 pagani.
1744 1151 1748 1198 ‘g

311 1217 395 1264 Sed
415 1214 606 1261 Ecclesia
644 1211 862 1257 catholica
890 1226 970 1272 per
1006 1219 1146 1254 totum
1181 1209 1330 1254 orbem
1373 1209 1499 1269 longe
1522 1209 1692 1273 lateque
1746 1209 1750 1222 '

309 1288 483 1341 diffusa,
510 1285 698 1346 impetus
723 1297 872 1326 eorum
907 1280 1130 1342 prioribus
1166 1280 1435 1342 temporibus
1458 1280 1659 1339 frangens
1676 1317 1688 1336 ‚
1746 1272 1751 1344 ξ

308 1357 448 1417 magis
474 1355 695 1416 magisque
723 1352 928 1396 roborata
947 1360 1009 1394 est
1031 1368 1040 1393 z
1070 1367 1158 1394 non
1172 1350 1424 1399 resistendo,
1449 1350 1521 1395 sed
1544 1350 1691 1414 perfe-

309 1427 458 1475 rendo.
481 1427 610 1470 Nunc
625 1439 724 1468 vero
745 1420 969 1466 insidiosas
984 1435 1133 1464 eorum
1148 1420 1407 1482 quaestiones
1425 1419 1510 1464 ‘ide
1521 1420 1689 1476 irridet,

315 1496 538 1557 diligentia
549 1493 748 1547 discutit,
761 1489 1041 1548 intelligentia
1059 1489 1256 1535 dissolvit
1272 1490 1590 1535 :criminatores
1606 1509 1693 1554 pa-

312 1568 478 1613 learum
498 1579 672 1610 suarum
689 1577 777 1605 non
790 1570 914 1604 curat
931 1579 942 1611 3
970 1559 1072 1621 quia
1083 1569 1257 1621 tempus
1272 1559 1435 1614 messis,
1459 1569 1500 1604 et
1522 1570 1695 1622 tempus

312 1653 507 1684 arearum
527 1673 538 1692 ,
560 1644 602 1679 et
621 1643 795 1694 tempus
828 1630 1086 1675 horreorum
1111 1639 1236 1674 caute
1264 1629 1574 1694 diligenterque
1596 1630 1690 1676 dis-

310 1708 470 1768 tinguit
505 1723 516 1750 :
542 1703 838 1750 criminatores
868 1710 1011 1745 autem
1033 1699 1243 1745 frumenti
1269 1700 1363 1757 sui,
1401 1711 1474 1746 aut
1505 1711 1692 1746 errantes

314 1778 493 1837 corrigit
516 1786 608 1833 ‚aut
627 1772 868 1819 invidentes
889 1772 1002 1816 inter
1029 1771 1174 1834 spinas
1198 1783 1240 1816 et
1259 1771 1422 1816 zizania
1447 1782 1688 1835 computat.

377 1846 496 1894 XIV.
524 1843 817 1903 Subjiciamus
839 1857 938 1900 ergo
967 1841 1155 1885 animam
1182 1842 1274 1886 Deo
1290 1878 1300 1896 ,
1330 1841 1362 1885 si
1381 1840 1586 1886 volumus
1605 1858 1696 1886 ser-

313 1917 443 1967 vituti
471 1914 683 1973 subjicere
715 1927 876 1974 corpus
904 1920 1127 1966 nostrum,
1164 1921 1205 1954 et
1239 1910 1292 1955 de
1320 1909 1498 1955 diabolo
1538 1911 1696 1956 trium-

312 1989 465 2053 phare.
492 1984 616 2029 Fides
629 1993 691 2027 est
706 1982 850 2044 prima
868 1997 968 2043 quae
981 1981 1185 2041 subjugat
1199 1981 1387 2026 animam
1402 1981 1493 2025 Deo
1509 2000 1520 2034 ;
1537 1980 1694 2026 deinde

314 2066 537 2124 praecepta
551 2051 726 2100 vivendi
743 2088 753 2106 ,
768 2051 929 2114 quibus
948 2050 1175 2095 custoditis
1199 2067 1293 2113 spes
1306 2060 1454 2095 nostra
1472 2051 1693 2108 firmatur,

317 2141 360 2177 et
377 2127 569 2174 nutritur
585 2122 774 2169 charitas
788 2159 799 2178 ,
819 2132 861 2166 et
874 2121 1018 2167 lucere
1035 2121 1194 2184 incipit
1215 2121 1337 2184 quod
1359 2132 1483 2166 antea
1497 2132 1695 2167 tantum-

317 2199 448 2247 modo
474 2194 747 2242 credebatur.
783 2193 895 2237 Cum
926 2192 1039 2237 enim
1074 2192 1264 2251 cognitio
1300 2201 1342 2236 et
1381 2191 1493 2237 actio
1517 2192 1696 2237 beatum

315 2269 542 2317 hominem
557 2264 741 2310 faciant:
764 2263 876 2308 sicut
895 2262 940 2308 in
973 2262 1221 2321 cognitione
1241 2261 1461 2307 cavendus
1479 2272 1541 2308 est
1559 2279 1694 2319 error,

321 2340 447 2388 sicin
473 2337 639 2383 actione
680 2332 873 2380 cavenda
898 2343 959 2378 est
994 2332 1201 2396 nequitia.
1253 2332 1381 2376 Errat
1407 2342 1552 2377 autem
1578 2332 1697 2396 quis-

317 2412 413 2478 quis
440 2417 568 2473 putat
588 2405 815 2452 veritatem
837 2420 879 2449 se
897 2419 1020 2466 posse
1041 2418 1314 2462 cognoscere,
1334 2417 1435 2446 cum
1456 2401 1604 2447 adhuc
1622 2419 1699 2447 ne·

320 2482 461 2546 quiter
474 2478 605 2524 vivat.
622 2474 836 2538 'Nequitia
861 2484 922 2518 est
951 2483 1094 2518 autem
1113 2471 1327 2517 mundum
1347 2471 1477 2517 istum
1498 2470 1693 2531 diligere,

322 2564 365 2599 et
386 2568 433 2596 ea
453 2564 553 2611 quae
582 2556 818 2592 nascuntur
855 2554 897 2589 et
923 2553 1166 2599 transeunt,
1196 2559 1278 2604 pro
1304 2558 1460 2601 magno
1503 2540 1696 2594 habere3

322 2634 363 2670 et
376 2639 422 2667 ea
441 2616 748 2679 concupiscere
766 2652 776 2671 ,
805 2624 846 2660 et
858 2630 940 2677 pro
956 2613 1025 2659 his
1044 2613 1267 2668 laborare,
1309 2621 1357 2658 ut
1381 2611 1696 2674 acquirantur3
