1758 3246
349 339 406 370 DE
444 335 584 368 ornan
620 333 953 377 MoNAcuoRUM,
992 336 1079 368 Lis.
1122 336 1151 367 1.
1355 320 1448 370 553

81 419 150 449 rea
166 439 177 458 ‚
202 402 271 449 vel
290 403 472 450 verbum
494 419 541 446 ex
560 400 720 457 verbO,
746 401 999 464 repositoria
1027 401 1116 447 dici
1136 412 1331 465 possunt.
1357 404 1449 450 Cur

81 490 180 532 ergo
205 473 275 519 isti
310 490 463 518 manus
486 472 640 518 otiosas
675 481 716 516 et
747 471 874 534 plena
905 472 1159 534 repositoria
1185 473 1338 518 volunt
1361 472 1448 519 lia-

81 543 214 589 bere?
235 544 326 588 Cur
343 560 391 588 ea
409 559 509 605 quae
529 552 705 587 sumunt
722 579 732 597 ,
754 559 800 587 ex
817 541 1044 587 laboribus
1068 542 1250 588 aliorum
1268 580 1279 595 ,
1299 561 1448 589 recon-

81 612 191 658 dunt
206 622 247 658 et
270 622 441 659 servant
466 612 580 657 unde
612 611 806 674 quotidie
837 611 1116 674 proferatur.D
1149 613 1241 657 Cur
1265 613 1451 677 denique

81 682 252 728 molunt
279 693 320 727 et
348 685 574 746 coquunt?
600 683 696 727 Hoc
717 681 830 726 enim
854 698 951 727 aves
971 699 1059 727 non
1087 680 1268 728 faciunt.
1302 684 1390 728 Aut
1414 683 1450 728 si

80 752 302 815 reperiunt
322 752 482 815 quibus
515 752 601 797 hoc
637 768 746 815 opus
773 768 947 815 quoque
978 751 1289 815 persuadeant,
1318 763 1366 797 ut
1394 752 1453 798 cis

79 839 159 886 per
181 822 369 882 singulos
401 822 490 868 dies
517 840 632 868 escas
658 823 837 867 afferant
864 833 1156 886 praeparatas3
1192 823 1341 869 saltem
1369 822 1454 868 sibi

85 910 240 956 aquam
257 892 324 938 vel
348 892 401 938 de
422 893 617 938 fontibus
644 894 849 949 afferunt,
875 893 944 939 vel
973 893 1024 938 de
1048 893 1243 938 cisternis
1266 903 1339 938 aut
1361 910 1451 956 pu-

81 963 158 1008 teis
175 962 385 1008 hauriunt
402 973 443 1007 et
461 973 678 1025 reponunt
701 980 711 1007 :
736 962 822 1008 hoc
843 963 1032 1009 volatilia
1054 980 1141 1008 non
1159 963 1337 1009 faciunt.
1365 962 1449 1008 Sed

81 1032 115 1079 si
137 1033 222 1078 hoc
241 1032 385 1095 placet
403 1070 413 1085 ‚
432 1033 634 1078 studeant
651 1034 780 1078 etiam
802 1034 907 1079 boni
931 1033 1076 1080 fideles
1094 1045 1136 1079 et
1154 1034 1280 1094 Regis
1301 1033 1449 1078 aeterni

82 1103 349 1148 devotissimi
371 1103 657 1166 provinciales
674 1140 685 1157 ,
714 1103 955 1150 fortissimis
978 1108 1067 1164 ejus
1090 1105 1301 1149 militibus
1319 1121 1451 1167 usque

82 1173 137 1218 ad
158 1173 238 1218 ista
265 1174 420 1220 servire
439 1211 450 1231 ‚
479 1184 527 1218 ut
558 1173 640 1218 sibi
663 1190 742 1219 nee
773 1191 928 1236 aquam
953 1174 1131 1237 implere
1160 1184 1396 1233 cogantur,
1419 1172 1453 1218 si

76 1246 170 1302 jain
193 1242 321 1288 etiam
352 1243 448 1288 illos
467 1243 543 1307 qui
577 1253 681 1288 tunc
711 1254 831 1288 erant
861 1243 1142 1305 «lerosolymae
1176 1261 1288 1289 novo
1317 1242 1453 1303 gradu

76 1312 257 1372 justitiae
280 1313 537 1376 supergressi
561 1312 701 1359 sunt1.
733 1313 844 1358 Nam
872 1313 956 1358 illis
977 1312 1089 1358 fame
1112 1313 1388 1368 imminente,
1411 1323 1453 1357 et

81 1399 160 1445 per
178 1382 418 1445 Prophetas
438 1383 515 1446 qui
535 1393 639 1428 tunc
664 1394 786 1428 crant
811 1393 906 1428 ante
928 1383 1141 1447 praedicta
1156 1421 1166 1440 ,
1187 1384 1293 1429 boni
1310 1382 1454 1429 fideles

83 1470 131 1497 ex
155 1453 326 1498 Graecia
345 1452 561 1498 frumenta
585 1453 789 1498 miserunt
809 1473 820 1507 3
846 1471 891 1498 ex
921 1454 1080 1516 quibus
1107 1453 1235 1499 credo
1252 1454 1370 1518 quod
1395 1453 1458 1499 illi

83 1540 241 1586 panem
271 1523 355 1568 sibi
381 1522 601 1576 fecerunt,
633 1534 707 1568 aut
741 1534 853 1568 certe
887 1523 1133 1569 faciendum
1163 1534 1453 1575 curaverunt3

85 1593 204 1656 quod
228 1611 323 1640 aves
343 1611 431 1639 non
454 1594 634 1641 faciunt.
666 1594 750 1639 Sed
774 1595 807 1640 si
831 1598 923 1654 jam
950 1595 1044 1651 isti,
1075 1606 1122 1640 ut
1141 1595 1283 1641 dicere
1303 1612 1456 1658 coepe-

83 1681 204 1720 ram,
241 1664 368 1710 etiam
401 1664 497 1710 illos
537 1665 682 1728 aliquo
717 1665 853 1725 gradu
880 1665 1061 1725 Justitiae
1094 1666 1380 1722 transierunt,
1413 1676 1456 1711 et

84 1735 262 1781 omnino
295 1735 415 1781 iniis
439 1753 537 1800 quae
566 1736 620 1781 ad
649 1736 965 1796 transigendam
1000 1737 1134 1783 vitam
1168 1737 1292 1782 istam
1317 1737 1456 1800 perti-

85 1815 217 1862 nent,
258 1805 371 1851 sicut
410 1806 607 1852 volucres
640 1817 797 1866 agunt,
838 1805 1065 1852 ostendant
1104 1806 1229 1852 nobis
1258 1806 1456 1852 homines

86 1875 239 1921 servire
264 1875 542 1932 volucribus,
572 1875 682 1922 sicut
706 1876 787 1921 sibi
823 1876 969 1922 serviri
995 1876 1174 1933 volunt,
1208 1876 1290 1922 nisi
1319 1877 1457 1940 captis

89 1957 129 1992 ct
158 1946 356 2003 inclusis,
392 1946 552 2010 quibus
584 1946 689 1992 fides
719 1964 807 1992 non
839 1947 1051 2003 liabetur,
1077 1965 1129 1993 ne
1158 1947 1347 1994 volantes
1370 1965 1459 1993 non

87 2016 263 2062 redeant
283 2034 294 2062 ε
322 2027 363 2062 et
387 2027 529 2063 tamen
558 2017 646 2063 illae
670 2017 837 2063 malunt
853 2017 941 2063 frui
955 2017 1155 2064 libertate
1173 2055 1184 2074 ,
1208 2028 1249 2063 ct
1276 2035 1322 2063 ex
1347 2019 1458 2078 agris

87 2098 300 2151 quantum
325 2088 424 2133 satis
444 2098 505 2134 est
529 2105 682 2151 capere
697 2125 707 2144 ,
735 2105 866 2152 quam
898 2089 954 2134 ab
979 2088 1235 2135 hominibus
1259 2089 1458 2152 apposita

87 2169 128 2204 et
151 2169 360 2221 apparata
385 2175 563 2205 sumere.

151 2230 359 2275 XXVIII.
401 2229 590 2275 Proinde
620 2247 766 2276 rursus
793 2230 894 2276 istos
927 2230 1008 2276 alio
1043 2229 1292 2276 sublimiore
1318 2229 1454 2289 gradu

79 2300 259 2360 justitiae
281 2300 550 2362 superabunt
567 2337 577 2356 ,
611 2300 687 2362 qui
711 2318 752 2346 se
783 2300 843 2346 ita
865 2300 1131 2346 instituerint
1148 2336 1158 2356 ,
1187 2310 1235 2345 ut
1261 2299 1456 2362 quotidie

84 2370 131 2416 in
149 2387 271 2430 agros
291 2379 498 2433 tanquam
522 2371 566 2415 in
585 2381 758 2433 pastum
776 2381 960 2434 pergant
973 2407 984 2426 ,
1009 2381 1051 2416 et
1068 2386 1156 2433 quo
1179 2380 1371 2432 tempore
1393 2370 1458 2414 in-

85 2440 278 2487 venerint
300 2451 508 2503 carpant,
533 2457 582 2486 ac
601 2440 740 2503 sopita
763 2441 874 2486 fame
891 2451 1175 2486 revertantur.
1215 2439 1298 2485 Sed
1326 2439 1456 2502 plane

84 2521 265 2573 propter
301 2527 500 2569 agrorum
525 2510 722 2556 custodes
748 2528 880 2574 quam
913 2512 1079 2556 honum
1113 2520 1244 2565 esset,
1272 2509 1304 2554 si
1326 2509 1457 2555 etiam

85 2597 246 2645 pennas
265 2579 411 2640 largiri
442 2581 650 2627 Dominus
678 2580 950 2642 dignaretur,
979 2591 1025 2627 ut
1045 2580 1154 2627 servi
1180 2579 1259 2625 Dei
1279 2579 1323 2624 in
1347 2580 1457 2640 agris

133 2664 142 2686 ¹
161 2668 231 2695 Act.
255 2665 371 2701 x1,28.
