1758 3246
318 254 409 308 450
736 262 770 289 s.
816 259 1057 291 Aueusrml
1094 257 1294 289 Emscom

310 340 500 376 nostram
515 325 582 372 vel
602 325 939 371 taciturnitatem
961 322 1029 369 vel
1042 322 1145 368 talia
1159 323 1291 368 verba
1314 323 1447 369 homo
1462 324 1678 387 proditur,

308 409 357 444 ut
373 398 504 443 intret
517 395 595 457 qui
604 396 777 458 quaerit,
794 395 827 439 si
847 403 1100 457 potestatem
1117 391 1270 450 habet,
1282 404 1323 438 et
1336 393 1526 438 inveniat
1544 410 1644 439 eum
1667 411 1677 438 :

307 467 383 529 qui
414 475 560 510 tamen
584 463 640 508 ab
668 467 758 523 ejus
802 462 1048 508 inventione
1085 461 1310 507 mendacio
1351 472 1499 508 nostro
1540 473 1681 525 posset

307 535 454 581 averti.
485 532 811 596 Quapropter-si
831 531 965 576 nescis
987 530 1146 586 ubisit,
1161 530 1281 575 nulla
1298 541 1361 577 est
1383 548 1509 577 causa
1535 532 1681 577 occul-

307 604 452 649 tandae
470 603 685 658 veritatis,
731 601 804 647 sed
840 612 880 645 te
909 599 1070 644 nescire
1094 597 1319 644 fatendum
1357 611 1432 647 est,
1469 600 1515 646 Si
1539 611 1681 646 autem

307 675 388 718 scis
407 673 484 717 ubi
510 672 579 727 sit,
603 671 688 716 sive
708 671 771 716 ibi
790 669 933 714 situbi
956 667 1170 731 quaeritur
1185 703 1197 723 ,
1231 668 1318 714 sive
1343 669 1450 714 alibi
1470 690 1481 724 ;
1514 686 1604 715 non
1622 681 1682 715 est

308 741 562 795 dicendum,
595 757 695 785 cum
720 739 949 801 quaesitum
980 737 1137 791 fuerit,
1174 746 1320 782 utrum
1342 737 1405 782 ibi
1429 738 1483 783 sit
1499 775 1511 795 ,
1540 755 1681 784 annon

306 813 386 868 sit,
417 813 514 856 Non
537 810 636 855 dico
661 809 779 872 quod
796 809 956 872 quaeris
979 825 989 851 z
1015 806 1088 852 sed
1114 806 1368 863 dicendum,
1393 808 1491 853 Scio
1509 808 1588 854 ubi
1608 809 1679 865 sit,

306 881 379 926 sed
401 897 626 943 nunquam
650 879 916 924 monstrabo.
944 894 1044 922 nam
1064 877 1096 921 si
1120 876 1173 921 de
1192 893 1277 921 uno
1295 876 1391 922 loco
1404 894 1492 923 non
1507 894 1682 940 respon-

306 950 424 1006 deas,
451 960 492 994 et
514 960 554 994 te
587 966 675 994 non
700 966 784 993 esse
828 948 1107 1011 proditurum
1147 945 1340 1001 fatearis,
1371 946 1456 992 tale
1482 958 1544 993 est
1575 964 1626 993 ac
1649 948 1682 993 si

305 1021 507 1066 eumdem
525 1019 672 1065 locum
689 1018 825 1078 digito
846 1017 1069 1062 ostendas:
1098 1027 1298 1062 movetur
1312 1017 1426 1061 enim
1447 1028 1564 1062 certa
1586 1033 1682 1062 sus-

304 1091 437 1153 picio.
472 1090 517 1134 51
545 1100 686 1134 autem
708 1092 852 1151 primo
877 1087 1049 1132 fatearis
1080 1096 1120 1130 te
1146 1086 1253 1130 seire
1275 1086 1354 1132 ubi
1381 1087 1452 1142 sit,
1489 1086 1563 1132 sed
1593 1103 1682 1132 non

306 1160 449 1205 dicere
466 1197 477 1215 ,
505 1169 648 1222 potest
666 1159 843 1203 fortasse
869 1157 1011 1202 abillo
1032 1155 1128 1200 loco
1158 1156 1388 1217 inquisitor
1430 1156 1565 1202 averti
1591 1193 1602 1213 ,
1641 1167 1683 1201 et

307 1230 387 1274 tibi
398 1234 491 1289 jam
526 1228 799 1282 incumbere,
832 1238 880 1271 ut
905 1227 982 1271 ubi
1024 1236 1131 1270 esta
1153 1236 1193 1269 te
1215 1225 1443 1287 prodatur.
1477 1227 1564 1270 Pro
1595 1242 1682 1289 qua

308 1299 396 1346 fide
433 1310 561 1362 atque
599 1298 871 1343 humanitate
902 1294 1118 1359 quidquid
1160 1294 1327 1340 fortiter
1372 1295 1518 1340 tuleris
1535 1332 1546 1352 ,
1594 1312 1682 1340 non

306 1369 446 1415 solum
472 1386 560 1413 non
603 1367 848 1430 culpabile,
876 1366 949 1411 sed
992 1366 1123 1410 etiam
1165 1364 1386 1409 laudabile
1418 1364 1678 1423 judicatur:

307 1439 495 1502 exceptis
520 1438 726 1482 duntaxat
750 1436 818 1481 his
836 1472 847 1492 ,
877 1451 976 1497 quae
1010 1435 1044 1478 si
1075 1451 1224 1496 passus
1246 1434 1376 1479 fuerit
1400 1434 1552 1490 homo,
1593 1451 1681 1480 non

303 1509 488 1564 fortiter,
510 1507 583 1552 sed
604 1505 828 1568 impudice
849 1521 898 1549 ac
930 1504 1116 1566 turpiter
1135 1504 1227 1566 pati
1264 1503 1440 1550 dicitur.
1488 1505 1587 1550 Hoc
1620 1515 1681 1549 est

305 1579 420 1624 enim
438 1578 642 1622 ultimum
665 1574 960 1630 mendacium,
989 1573 1041 1618 de
1075 1589 1162 1635 quo
1197 1572 1447 1632 diligentius
1484 1584 1681 1619 tractan-

304 1648 413 1694 dum
436 1658 510 1694 est.

370 1718 506 1764 XAV.
549 1717 662 1762 Nam
687 1715 881 1778 primum
905 1724 968 1759 est
991 1712 1046 1758 ad
1076 1712 1329 1758 evitandum
1350 1712 1535 1776 capitale
1555 1729 1681 1758 men-

307 1789 484 1835 dacium
504 1788 714 1850 longeque
739 1784 997 1845 sugiendum
1012 1821 1023 1840 ,
1061 1782 1179 1845 quod
1205 1784 1256 1828 fit
1282 1784 1328 1828 in
1355 1782 1554 1828 doctrina
1577 1782 1682 1827 reli-

305 1862 443 1921 gionis
468 1877 478 1904 2
506 1858 561 1903 ad
583 1857 701 1921 quod
728 1856 1005 1901 mendacium
1029 1855 1149 1900 nulla
1172 1854 1420 1899 conditione
1451 1853 1681 1916 quisquam

306 1932 437 1977 debet
457 1929 631 1975 adduci.
671 1926 923 1972 Secundum
958 1937 1124 1980 autem,
1155 1935 1203 1969 ut
1233 1924 1421 1987 aliquem
1449 1923 1582 1969 laedat
1608 1923 1681 1969 in-

299 2006 415 2061 juste
440 2018 450 2044 :
475 1999 594 2063 quod
620 1998 704 2043 tale
733 2008 819 2053 est,
847 2007 894 2041 ut
923 2007 966 2041 et
989 1996 1098 2041 nulli
1125 1995 1265 2058 prosit
1282 2031 1292 2049 ,
1326 2005 1367 2038 et
1392 1994 1506 2038 obsit
1530 1992 1674 2040 alicui.

307 2071 503 2116 Tertium
522 2106 533 2125 ,
555 2068 676 2132 quod
699 2068 758 2112 ita
782 2066 960 2129 prodest
981 2066 1103 2111 alteri
1122 2101 1133 2120 ,
1158 2076 1205 2110 ut
1221 2064 1337 2109 obsit
1359 2064 1506 2119 alteri,
1529 2079 1681 2125 quam-

305 2141 370 2187 vis
391 2157 479 2185 non
515 2138 568 2183 ad
605 2138 928 2182 immunditiam
963 2137 1079 2181 obsit
1116 2134 1400 2197 corporalem.
1434 2134 1676 2190 Quartum,

305 2210 425 2274 quod
443 2211 495 2255 fit
511 2209 601 2254 sola
620 2207 856 2253 mentiendi
873 2206 1136 2268 fallendique
1151 2205 1333 2250 libidine
1346 2241 1357 2261 ,
1375 2204 1495 2267 quod
1514 2220 1679 2250 merum

303 2280 583 2327 mendacium
600 2289 674 2324 est.
718 2277 931 2333 Quintum
952 2314 962 2333 ‚
994 2275 1112 2338 quod
1137 2278 1185 2320 lit
1217 2275 1420 2338 placendi
1440 2273 1680 2338 cupiditate

303 2352 356 2398 de
377 2350 665 2412 suaviloquio.
706 2348 785 2393 liis
803 2348 1007 2392 omnibus
1025 2347 1197 2409 penitus
1214 2346 1382 2391 evitatis
1404 2356 1531 2407 atque
1548 2348 1679 2404 rejec-

302 2427 372 2480 tis,
393 2422 584 2484 sequitur
597 2430 757 2466 sextum
773 2435 920 2478 genUS,
938 2418 1058 2483 quod
1077 2429 1118 2463 et
1137 2416 1246 2462 nulli
1267 2416 1416 2476 obest,
1439 2427 1480 2460 et
1501 2421 1680 2486 Prodest

298 2500 430 2547 alicui
452 2519 462 2546 ε
494 2501 613 2547 velut
630 2501 665 2545 si
687 2499 900 2562 quispiam
931 2498 1159 2562 pecuniam
1197 2495 1378 2557 alicuius
1405 2498 1563 2555 injuste
1587 2497 1678 2543 tol-—

297 2572 469 2619 lendam
485 2609 496 2629 ,
527 2571 662 2618 sciens
686 2569 764 2616 ubi
788 2569 841 2615 sit
858 2605 870 2627 ,
895 2569 1057 2615 nescire
1081 2584 1123 2613 se
1142 2568 1374 2614 mentiatur
1391 2584 1668 2632 quocumque
