1758 3246
265 299 359 353 584
670 314 703 343 s.
746 312 989 344 amussim
1026 314 1226 345 nrlscoP1

257 379 398 424 dicere
420 388 672 441 potuerunt,
704 378 815 424 sieut
834 379 914 424 alia
934 379 1068 425 multa
1085 416 1095 435 ,
1120 392 1332 443 quantum
1365 381 1422 428 eis
1447 399 1567 429 nosse
1587 393 1628 429 et

262 448 558 511 praenuntiare
579 449 860 512 permittitur.

322 519 380 565 ll.
423 519 478 563 Et
500 535 601 564 cum
624 519 732 565 mihi
750 520 1001 566 referretur:
1028 521 1124 566 Non
1149 538 1248 581 ergo
1282 533 1381 568 sunt
1404 522 1531 568 malae
1561 522 1634 568 di-

257 589 495 635 vinationes
512 590 787 650 hujusmodi,
816 609 893 637 nec
920 592 1009 637 Deo
1036 591 1294 654 displicent3
1319 593 1510 656 alioquin
1535 610 1634 638 om-

259 660 458 723 nipotens
476 671 517 705 et
535 664 675 720 Justus
698 662 776 707 ista
814 663 905 708 fieri
941 680 1028 708 non
1052 663 1348 726 permitteret,
1392 664 1425 708 si
1460 663 1571 709 mala
1593 673 1635 709 et

258 729 416 789 injusta
464 742 613 777 essent.
669 732 892 795 Respondi
940 751 1028 778 non
1073 733 1170 778 ideo
1213 733 1309 779 haec
1346 733 1484 779 videri
1519 737 1635 793 justa

260 799 419 845 dehere
434 837 444 855 ,
466 800 586 864 quod
610 817 657 846 ea
681 801 771 847 fieri
789 803 1002 866 permittit
1022 804 1463 867 omnipotentissimus
1479 813 1519 849 et
1535 807 1633 863 jus-

259 869 444 915 tissimus
479 871 592 916 Deus
613 888 623 915 :
664 889 764 917 nam
783 883 824 917 et
848 872 927 918 alia
951 873 1088 919 multa
1114 873 1454 919 manifestissime
1476 874 1633 934 injusta

258 940 368 994 fieri,
395 940 504 986 sicut
523 941 760 988 homicidia
777 980 786 997 ‚
815 943 1023 989 adulteria
1043 982 1052 1000 ,
1085 944 1219 1000 furta,
1246 945 1439 1008 rapinas,
1473 955 1514 989 et
1551 961 1633 990 cae-

259 1021 347 1055 tera
364 1011 618 1071 hujusmodi
638 1049 648 1067 ,
675 1030 774 1075 quae
791 1014 1121 1076 quamvisjusto
1142 1015 1232 1060 Deo
1245 1052 1255 1071 ,
1276 1032 1324 1060 eo
1343 1014 1461 1078 quod
1478 1014 1637 1074 injusta

258 1090 383 1135 sunt,
411 1081 500 1126 sine
537 1081 811 1127 dubitatione
849 1082 1139 1146 displiceant3
1167 1084 1282 1130 idem
1325 1095 1465 1129 tamen
1491 1085 1637 1130 omni-

259 1161 408 1212 potens
430 1168 477 1196 ea
502 1152 593 1196 fieri
619 1163 732 1197 certa
761 1152 919 1212 judicii
955 1154 1019 1199 sui
1057 1154 1222 1200 ratione
1263 1154 1507 1218 permittit3
1548 1171 1637 1201 non

258 1221 403 1283 utique
438 1221 639 1284 impune,
679 1222 751 1267 sed
775 1222 830 1267 ad
870 1240 1019 1269 eorum
1042 1224 1386 1281 damnationem,
1416 1242 1439 1270 a
1470 1224 1636 1288 quibus

268 1291 377 1335 fiunt
395 1307 494 1353 quae
516 1290 889 1354 displicentjustO.

329 1361 412 1407 Ill.
445 1361 500 1406 Et
535 1378 635 1406 cum
669 1378 690 1406 e
735 1363 950 1407 contrario
976 1361 1192 1408 diceretur
1242 1380 1330 1408 non
1357 1362 1533 1426 quidem
1556 1379 1641 1408 esse

262 1429 559 1476 dubitandum
573 1431 693 1495 quod
713 1432 987 1494 omnipotens
1007 1443 1047 1477 et
1059 1436 1200 1491 justus
1215 1433 1268 1478 sit
1282 1433 1396 1478 Deus
1419 1451 1429 1478 ι
1451 1432 1525 1478 sed
1539 1433 1638 1479 haec

258 1501 454 1547 humana
467 1512 664 1565 peccata,
682 1519 781 1565 quae
796 1513 945 1548 contra
962 1503 1209 1548 societatem
1224 1503 1454 1549 hominum
1469 1503 1635 1559 fierent,

261 1588 349 1616 non
372 1588 470 1616 eum
489 1588 641 1617 curare
667 1572 772 1618 dum
793 1573 943 1618 fierent
962 1610 972 1629 ,
1012 1584 1245 1636 propterea
1287 1591 1336 1619 ea
1360 1591 1481 1637 posse
1513 1573 1631 1628 fieri,

261 1657 361 1704 quae
383 1641 534 1705 utique
557 1641 650 1687 fieri
671 1660 758 1688 non
777 1654 968 1706 possent,
992 1643 1027 1688 si
1048 1644 1321 1706 omnipotens
1339 1660 1426 1689 non
1449 1643 1634 1690 sivisset:

260 1711 334 1757 illa
356 1728 457 1758 vero
470 1729 570 1776 quae
582 1713 637 1758 ad
660 1713 804 1776 ipsum
823 1713 1039 1774 religionis
1062 1713 1230 1759 cultum
1250 1715 1493 1777 pertinent,
1513 1713 1639 1759 nullo

259 1781 390 1827 modo
414 1782 470 1827 ab
505 1800 554 1828 eo
575 1783 841 1829 credendum
862 1802 947 1830 esse
968 1785 1212 1837 contemni3
1248 1801 1298 1829 ac
1329 1801 1407 1848 per
1438 1784 1523 1830 hoc
1548 1784 1638 1829 fieri

260 1869 346 1896 non
365 1853 553 1915 potuisse
571 1890 581 1908 ,
613 1854 694 1899 nisi
711 1855 747 1899 ei
773 1854 1060 1917 placuissent,
1087 1865 1128 1899 et
1147 1853 1242 1899 ideo
1267 1871 1313 1899 ea
1337 1853 1450 1900 mala
1488 1853 1639 1918 putari

258 1940 340 1967 non
366 1934 578 1986 oportere.
621 1924 685 1970 Ad
721 1925 805 1970 hoc
830 1942 1005 1989 quoque
1043 1924 1276 1988 respondi:
1321 1926 1450 1970 Nunc
1477 1942 1575 1985 ergo
1601 1924 1640 1970 ei

256 1993 515 2056 displicent,
541 2012 641 2040 cum
669 1996 829 2059 templa
867 2007 907 2041 et
932 1995 1163 2042 simulacra
1187 2005 1460 2051 evertuntur,
1495 2005 1538 2040 et
1565 1994 1639 2040 illa

258 2064 450 2123 gentium
470 2066 681 2111 sacrificia
699 2067 732 2111 si
767 2066 880 2113 facta
906 2067 1068 2112 fuerint
1091 2065 1353 2145 puniuntur.
1386 2065 1508 2111 Sicut
1524 2065 1639 2111 enim

263 2134 426 2181 dicitur
457 2153 543 2180 non
577 2154 624 2181 ea
654 2138 744 2183 ficii
777 2138 987 2201 potuisse,
1024 2138 1103 2183 nisi
1147 2138 1232 2183 Deo
1268 2136 1554 2200 placuissent,
1596 2146 1639 2182 et

261 2205 356 2252 ideo
379 2206 495 2252 bona
514 2207 736 2269 putandam
766 2208 973 2270 quoniam
992 2212 1112 2268 justo
1144 2207 1345 2285 placent;
1367 2207 1427 2253 ita
1449 2206 1536 2253 dici
1553 2223 1639 2270 po-

262 2287 342 2322 test
363 2294 451 2322 non
467 2293 514 2322 ea
534 2276 796 2340 prohiberi
826 2279 984 2334 everti,
1021 2278 1169 2341 puniri
1192 2276 1411 2341 potuisse,
1438 2277 1519 2323 nisi
1548 2277 1638 2322 Deo

262 2347 542 2411 displicerent
562 2365 572 2391 :
601 2364 650 2392 ac
675 2365 752 2410 per
771 2348 857 2394 hoc
879 2349 912 2394 si
940 2360 1043 2394 tunc
1067 2349 1164 2394 ideo
1188 2358 1302 2393 recte
1326 2348 1517 2403 fiebant,
1538 2347 1640 2410 quia

256 2422 373 2478 justo
392 2419 482 2462 Deo
503 2416 673 2480 placere
716 2418 819 2464 hinc
845 2419 1203 2473 ostendebantur,
1224 2417 1343 2481 quod
1367 2417 1422 2463 ab
1454 2415 1528 2461 illo
1548 2417 1640 2463 fieri

261 2489 541 2541 sinebantur,
578 2487 673 2534 ideo
693 2489 972 2553 nuncinique
998 2491 1135 2544 siunt,
1163 2488 1263 2551 quia
1288 2489 1377 2533 Deo
1411 2485 1640 2549 displicere

262 2559 368 2604 hinc
392 2557 695 2615 ostenduntur,
725 2559 842 2622 quod
862 2577 909 2604 ea
931 2559 995 2606 vel
1018 2559 1145 2619 jubet
1159 2558 1225 2604 vel
1249 2557 1464 2621 permittit
1483 2558 1629 2604 everti,

326 2629 399 2675 IV.
432 2634 592 2675 Contra
619 2629 705 2675 hoc
730 2629 894 2676 dictum
919 2640 980 2676 est
1005 2630 1162 2689 injusta
1191 2628 1368 2693 quidem
1399 2643 1484 2674 esse
1517 2643 1635 2674 nunc
