1758 3246
250 312 342 380 596
670 329 703 361 s.
748 326 990 361 Acensrml
1027 327 1229 362 Ep1sco1>1

247 415 267 440 r,
286 414 363 443 nos
385 395 552 444 terrae2.
579 417 599 438 x>
625 395 738 442 Ecce
765 392 880 442 unde
909 395 1076 442 dictum
1099 407 1161 442 est
1191 407 1232 443 et
1262 396 1307 443 in
1338 395 1420 444 alio
1446 397 1615 446 Psalmo

246 467 365 531 quod
382 467 580 531 superius
613 466 848 530 interposui
870 484 880 512 ι
909 488 928 509 «
948 467 1418 514 Commemorabuntur
1439 480 1480 515 et
1506 486 1615 516 eon-

245 560 266 580 »
287 548 508 585 vertentur
530 538 585 584 ad
609 538 846 583 Dominum
872 537 1059 582 universi
1082 537 1188 583 fines
1211 539 1380 586 terrae3.
1413 562 1431 581 x>
1454 540 1532 586 His
1555 552 1615 587 at-

242 625 327 672 que
342 608 594 669 hujusmodi
614 607 885 671 propheticis
902 607 1174 652 documentis
1192 608 1453 671 praedictum
1469 621 1615 655 osten-

241 678 383 736 ditur,
426 677 546 742 quod
580 677 776 724 videmus
813 676 985 740 impleri
1020 694 1098 740 per
1137 677 1386 736 Christum,
1417 678 1614 725 futurum

241 748 371 795 fuisse
397 759 446 794 ut
473 750 586 794 Deus
618 747 780 804 lsrael,
810 764 939 811 quem
965 764 1097 792 unum
1118 764 1268 794 verum
1288 750 1428 795 Deum
1451 749 1614 796 intelli-

243 820 407 879 gimus,
433 836 521 864 non
544 818 588 863 in
612 835 698 863 nna
727 817 820 881 ipsa
844 828 966 877 gente
999 834 1098 881 quae
1125 818 1340 882 appellata
1364 830 1425 865 est
1452 819 1611 874 lsrael,

244 889 382 935 sedin
399 888 602 934 omnibus
629 888 830 947 gentibus
863 886 1094 944 coleretur,
1122 899 1164 933 et
1194 905 1341 934 omnes
1362 888 1489 935 falsos
1515 889 1616 935 deos

246 959 436 1020 gentium
454 970 497 1004 et
515 976 538 1003 a
564 958 733 1022 templis
756 974 905 1004 eorum
926 968 968 1003 et
996 976 1018 1003 a
1047 958 1262 1021 cordibus·
1277 959 1494 1006 cultorum
1514 976 1617 1006 suo-

240 1048 339 1077 rum
366 1029 657 1076 demoliretur.

308 1100 426 1148 XIV.
470 1102 583 1146 Eant
615 1117 734 1145 nunc
764 1099 857 1156 isti,
891 1110 932 1144 et
965 1098 1112 1145 adhuc
1153 1111 1303 1146 contra
1338 1101 1615 1148 christianam

245 1172 495 1233 religionem
513 1181 554 1216 et
570 1180 721 1216 contra
735 1186 884 1216 verum
905 1170 985 1215 Dei
1005 1169 1172 1216 cultum
1188 1172 1396 1217 vanitates
1416 1172 1618 1236 pristinas

244 1241 498 1288 defensitare
521 1240 725 1297 audeant,
749 1250 796 1285 ut
815 1256 915 1284 cum
933 1240 1116 1303 strepitu
1133 1253 1323 1304 pereant.
1345 1243 1455 1287 Nam
1472 1253 1513 1288 et
1531 1242 1617 1288 hoc

245 1312 298 1358 de
330 1312 413 1358 illis
444 1311 708 1376 praedictum
740 1321 803 1355 est
835 1310 880 1355 in
916 1310 1115 1366 Psalmo,
1156 1310 1324 1358 dicente
1359 1312 1614 1377 Propheta:

244 1403 265 1424 «
293 1383 448 1429 Sedisti
484 1399 613 1446 super
645 1382 853 1427 thronum
887 1380 963 1443 qui
986 1379 1156 1440 Judicas
1179 1383 1441 1445 aequitatem.
1469 1385 1621 1428 Incre-

244 1454 397 1517 »pasti
422 1464 564 1514 gentes
580 1490 593 1509 ‚
619 1463 660 1497 et
682 1451 812 1515 periit
837 1450 998 1513 impius
1015 1487 1026 1506 ‚
1053 1468 1209 1496 nomen
1234 1469 1385 1498 eorum
1410 1453 1558 1499 delesti
1575 1454 1620 1499 in

244 1546 264 1566 »
285 1535 496 1570 aeternum
523 1534 563 1568 et
583 1523 629 1568 in
647 1522 857 1568 saeculum
876 1520 1038 1567 saeculi.
1071 1522 1246 1568 Inimici
1263 1522 1511 1570 defecerunt
1531 1523 1620 1570 fra·

243 1613 389 1642 »meae
412 1595 458 1641 in
494 1595 649 1651 finem,
686 1604 728 1639 et
759 1593 952 1639 civitates
996 1609 1145 1638 eorum
1182 1593 1448 1643 destruxisti.
1489 1596 1623 1641 Periit

246 1689 266 1711 »
287 1666 490 1713 memoria
514 1683 664 1712 eorum
684 1682 785 1711 cum
802 1664 985 1727 strepitu
1004 1701 1015 1720 ‚
1043 1675 1084 1710 et
1111 1665 1323 1712 Dominus
1341 1667 1387 1713 in
1411 1678 1622 1714 aeternum

247 1762 267 1782 ›>
285 1736 554 1804 permanet1.
592 1760 612 1779 ›>
652 1738 830 1783 Necesse
865 1746 926 1781 est
964 1753 1063 1795 ergo
1099 1747 1147 1782 ut
1182 1737 1448 1802 impleantur
1481 1740 1625 1785 onmia

246 1811 347 1857 haec
370 1827 380 1854 :
408 1826 487 1854 nec
516 1807 635 1872 quod
661 1807 808 1853 adhuc
834 1805 996 1852 audent
1030 1807 1113 1870 ipsi
1141 1809 1273 1871 pauci
1296 1811 1373 1872 qui
1406 1827 1625 1856 remanse-

251 1892 378 1938 runt,
401 1879 658 1943 vaniloquas
689 1895 786 1924 suas
814 1887 1024 1923 ostentare
1060 1877 1306 1937 doctrinas,
1341 1892 1381 1926 et
1409 1881 1626 1927 Christia-

249 1969 327 1998 nos
353 1962 559 2031 tanquam
591 1948 930 2013 imperitissimos
959 1947 1163 2006 irridere,
1200 1951 1362 1997 moveri
1387 1951 1594 1997 debemus
1613 1989 1623 2008 ,

250 2023 392 2069 dum’'
381 2041 426 2068 111
449 2023 506 2068 eis
525 2021 697 2085 impleri
715 2038 763 2066 ea
782 2037 883 2083 quae
902 2019 1117 2083 praedicta
1143 2032 1242 2067 sunt
1259 2022 1497 2071 rideamus.
1526 2024 1628 2087 Ipsa

254 2094 418 2159 quippe
443 2093 563 2139 101111
597 2091 815 2155 imperitia
842 2101 882 2136 et
911 2090 1091 2136 stultitia
1123 2091 1500 2151 Christianorum,
1531 2110 1629 2157 quae

252 2163 499 2210 humilibus
521 2173 562 2208 et
586 2162 743 2208 sanctis
766 2166 940 2241 ejusque
964 2160 1192 2222 diligenter
1218 2163 1418 2210 studiosis
1451 2175 1632 2229 apparet

255 2234 415 2281 excelsa
436 2245 478 2280 et
496 2233 582 2280 sola
604 2251 704 2280 1013
724 2233 961 2297 sapientia3
987 2234 1104 2297 ipsa,
1126 2234 1255 2298 inqua
1238 2253 1286 2280 1
1277 2235 1469 2291 1,101111
1493 2236 1632 2282 stulti-

258 2306 318 2352 tia
335 2305 681 2352 Christianorum
708 2321 777 2350 eos
798 2304 851 2349 ad
875 2305 999 2349 istam
1017 2304 1282 2367 paucitatem
1308 2305 1497 2366 redegit,
1517 2323 1632 2370 quo-

259 2378 374 2423 niam
390 2414 401 2433 ‚
419 2377 528 2422 sicut
544 2375 652 2422 dicit
670 2375 901 2438 Apostolus
922 2393 932 2420 :
958 2397 975 2416 α
999 2375 1183 2421 Stultam
1200 2375 1304 2422 fecit
1321 2379 1436 2423 Deus
1457 2378 1633 2440 sapien-

260 2470 282 2491 »
302 2449 404 2494 tiam
423 2448 558 2508 hujus
574 2446 768 2493 munds-².
791 2468 811 2487 ³>
831 2446 998 2492 Deinde
1016 2446 1242 2506 subjungit
1261 2464 1348 2493 rem
1366 2447 1628 2504 mirabilem,

262 2519 295 2565 si
313 2520 410 2583 quis
429 2517 594 2577 intellig
598 2528 662 2573 at,
690 2526 731 2562 et
747 2517 804 2562 ita
821 2516 1014 2579 sequitur
1037 2533 1046 2560 ε
1076 2539 1094 2556 α
1119 2517 1229 2561 Nam
1254 2516 1464 2580 quoniam
1486 2517 1532 2562 in
1552 2517 1632 2563 Dei

260 2607 282 2630 >³
301 2588 507 2653 sapientia
533 2605 621 2634 non
646 2587 846 2647 cognovit
865 2586 1055 2631 mundus
1085 2603 1162 2650 per
1180 2586 1434 2650 sapientiam
1461 2588 1598 2634 Deum
1618 2624 1629 2644 ,

311 2672 615 2711 ¹Psat.11.1-7.-
633 2668 648 2692 ‘2
672 2670 718 2702 111.
742 2680 808 2705 111,
825 2670 877 2703 ⁹3.
898 2686 941 2694 --—
963 2665 976 2692 3
1006 2669 1117 2714 1111,
1150 2671 1177 2702 5.
1196 2686 1240 2694 —
1262 2666 1277 2692 4
1302 2681 1312 2701 1
1339 2672 1411 2704 Cor.
1427 2683 1448 2710 1,
1473 2681 1523 2704 20.
