1758 3246
333 299 427 359 396
756 314 791 344 s.
833 314 1075 345 Aucusnm
1114 314 1318 346 EPISCOPI

333 376 524 433 timisti,
563 394 752 423 seorsum
783 380 911 425 etiam
944 396 1022 439 ego
1053 379 1236 425 enodare
1271 397 1488 437 curarem,
1527 383 1562 427 si
1594 385 1704 430 mihi

333 443 453 491 aliud
478 464 607 510 quam
631 448 713 492 tibi
735 449 873 495 Visum
899 461 960 493 est
976 486 986 504 ‚
1013 449 1232 494 videretur
1254 467 1264 494 ε
1300 467 1401 494 cum
1426 467 1527 496 vero
1553 453 1704 499 eadem

335 514 390 558 sit
407 516 535 562 etiam
558 529 702 563 nostra
721 519 928 564 sententia
949 555 959 574 ‚
987 535 1074 563 non
1093 518 1199 563 hinc
1224 536 1334 581 opus
1357 529 1418 564 est
1440 519 1603 567 diutius
1621 523 1704 568 dis-

331 594 499 645 putare.

396 655 607 704 XXXIII.
657 656 994 703 Catechumenis
1029 673 1128 715 ergo
1163 656 1207 701 in
1245 657 1380 716 huJus
1412 658 1514 705 vitae
1550 660 1704 706 ultimo

331 726 574 772 constitutis
592 764 602 781 ‚
634 728 668 772 si
702 728 857 772 morbo
884 743 956 772 seu
982 742 1085 771 casu
1110 725 1256 789 aliquo
1291 727 1351 772 sic
1377 730 1571 791 oppressi
1589 730 1673 775 sint
1689 767 1701 786 ‚

331 804 378 838 ut
401 797 597 856 quamvis
622 797 766 842 adhuc
789 798 937 843 vivant
954 834 964 850 ‚
986 806 1130 858 petere
1155 796 1237 841 sibi
1265 807 1409 841 tamen
1436 798 1703 861 baptismum

329 864 396 908 vel
417 865 470 909 ad
490 867 748 927 interrogata
762 866 1021 930 respondere
1040 883 1129 911 non
1143 867 1333 928 possint,
1354 868 1493 928 prosit
1510 869 1567 913 eis
1586 869 1704 931 quod

331 949 479 979 eorum
503 936 547 981 in
583 938 668 982 fide
703 937 942 983 christiana
974 940 1064 996 jam
1104 946 1207 981 nota
1227 936 1427 982 voluutas
1461 948 1548 990 est,
1577 949 1624 983 ut
1655 956 1704 983 eo

330 1003 462 1048 modo
483 1006 761 1068 baptizentur
777 1044 787 1062 ‚
810 1024 896 1069 quo
918 1006 1047 1051 modo
1064 1006 1344 1068 baptizantur
1359 1006 1541 1052 infantes
1557 1044 1567 1061 ‚
1590 1025 1705 1070 quo-

328 1088 429 1118 rum
447 1075 645 1121 voluntas
665 1077 784 1121 nulla
810 1077 954 1122 adhuc
980 1075 1171 1139 patuit1.
1198 1077 1296 1121 Non
1318 1087 1459 1121 tamen
1476 1088 1705 1140 propterea

330 1142 535 1190 damnare
555 1146 764 1192 debemus
786 1163 855 1190 eos
881 1147 955 1207 qui
990 1146 1185 1191 timidius
1216 1156 1348 1205 agunt
1367 1183 1376 1195 ,
1415 1163 1544 1210 quam
1579 1148 1705 1193 nobis

329 1213 502 1260 videtur
525 1217 591 1275 agi
608 1227 805 1280 oportere
824 1252 834 1271 ,
863 1232 915 1259 ne
934 1213 986 1258 de
1004 1215 1188 1275 pecunia
1211 1232 1416 1260 conservo
1434 1216 1597 1260 credita
1620 1217 1679 1260 im
1694 1243 1707 1250 -

330 1284 511 1344 probius
529 1303 658 1348 quam
678 1284 847 1330 cautius
866 1283 1065 1343 judicare
1090 1281 1273 1327 voluisse
1297 1282 1560 1340 judicemur.
1593 1284 1705 1329 Satis

328 1353 494 1416 quippe
517 1356 562 1400 in
582 1355 742 1401 talibus
776 1352 1096 1416 respiciendum
1127 1361 1189 1396 cst
1218 1351 1327 1396 illud
1365 1352 1557 1413 Apostoli
1578 1390 1588 1407 ,
1626 1354 1703 1398 ubi

329 1422 469 1468 dicit:
498 1446 517 1465 c<
536 1425 841 1488 Unusquisque
875 1433 1072 1467 nostrum
1103 1438 1185 1483 pro
1221 1438 1262 1465 se
1301 1422 1509 1466 rationem
1549 1423 1701 1468 reddet
1757 1451 1758 1454 =

328 1511 349 1532 »
370 1493 504 1540 Deo‘2.
529 1515 549 1535 η
579 1496 678 1540 Non
711 1511 810 1553 ergo
846 1491 1033 1554 amplius
1071 1491 1257 1535 invicem
1280 1490 1542 1549 judicemus.
1590 1493 1701 1538 Sunt
1756 1506 1758 1517 “

324 1562 437 1607 enim
459 1564 535 1625 qui
558 1563 624 1610 Vel
640 1564 684 1608 in
701 1563 770 1608 his
787 1600 798 1616 ‚
825 1561 895 1607 vel
921 1562 1048 1605 etiam
1073 1560 1118 1604 in
1156 1559 1246 1604 aliis
1272 1560 1592 1606 observandum
1611 1579 1700 1625 pu-
1757 1561 1758 1614 ]

330 1642 443 1688 tant,
471 1634 588 1696 quod
616 1634 767 1679 dixisse
789 1632 1025 1677 Dominum
1053 1630 1264 1689 legimus:
1292 1651 1311 1670 «
1339 1630 1482 1675 Nolite
1502 1643 1701 1677 sanctum
1757 1637 1758 1664 ³

327 1722 347 1742 ›>
366 1702 469 1747 dare
487 1704 669 1748 canibus
684 1740 694 1758 ‚
719 1719 858 1764 neque
881 1700 1145 1764 projeceritis
1163 1700 1412 1758 margaritas
1429 1711 1586 1746 vestras
1605 1712 1701 1746 ante
1757 1751 1758 1765 χ

327 1792 347 1812 >J
369 1774 563 1835 porcos3.
587 1795 607 1815 υ
630 1775 683 1818 Et
700 1773 780 1818 ista
804 1771 1037 1817 salvatoris
1054 1770 1186 1815 verba
1204 1769 1431 1815 referentes
1446 1807 1458 1826 ,
1481 1771 1700 1834 baptizare
1757 1809 1758 1813 ,

326 1859 413 1887 non
442 1843 602 1888 aud-ent
626 1860 697 1888 eos
727 1842 803 1905 qui
837 1858 917 1903 pro
952 1858 993 1885 se
1024 1839 1280 1902 respondere
1311 1840 1608 1902 nequiverint,
1647 1859 1701 1886 ne
1757 1868 1758 1873 =

327 1912 438 1957 forte
473 1914 738 1958 contrarium
772 1922 920 1970 gerant
946 1910 1184 1955 voluntatis
1214 1909 1456 1955 arbitrium.
1488 1911 1620 1966 Quod
1649 1912 1702 1956 de

327 1983 520 2045 parvulis
543 1984 629 2028 dici
653 2000 742 2028 non
764 1992 935 2045 potest,
965 1981 1008 2025 in
1039 1981 1202 2043 quibus
1231 1979 1379 2025 adhuc
1404 1981 1581 2026 rationis
1599 1982 1702 2027 nul—

325 2052 392 2097 lus
412 2064 474 2098 est
494 2070 606 2099 usus,
645 2051 729 2097 Sed
754 2069 839 2096 non
862 2051 1000 2095 solum
1028 2049 1283 2095 incredibile
1309 2060 1399 2106 est,
1437 2067 1517 2095 nec
1547 2051 1593 2096 in
1618 2053 1703 2098 fine

328 2123 430 2168 vitae
471 2123 603 2182 hujus
622 2121 836 2184 baptizari
862 2119 1226 2165 catechumenum
1256 2119 1365 2164 velle
1384 2155 1395 2174 ‚
1423 2121 1701 2166 verumetiam

327 2193 362 2238 si
382 2192 579 2238 voluntas
601 2195 691 2251 ejus
710 2192 873 2236 incerta
899 2200 986 2246 est,
1020 2189 1158 2235 multo
1182 2189 1312 2234 satius
1341 2199 1402 2234 est
1420 2189 1583 2236 nolenti
1602 2190 1703 2236 dare

324 2279 457 2326 quam
475 2262 637 2307 volenti
661 2279 741 2320 nef
745 2277 840 2316 are,
872 2260 950 2305 ubi
969 2259 1072 2305 xelit
1094 2278 1148 2305 an
1168 2259 1277 2304 nolit
1300 2259 1360 2304 sic
1381 2276 1468 2304 non
1494 2271 1698 2324 apparet,

325 2344 375 2378 ut
392 2343 537 2378 tamen
566 2309 817 2376 credibilius
852 2329 906 2374 sit
942 2345 1067 2384 eum,
1101 2329 1135 2373 si
1165 2339 1310 2391 posset
1343 2327 1451 2374 velle
1482 2345 1523 2373 se
1557 2329 1702 2391 potius

319 2402 447 2448 fuisse
468 2401 691 2447 dicturum
725 2416 773 2444 ea
810 2408 1076 2443 sacramenta
1112 2398 1369 2461 percipere
1415 2398 1505 2442 sine
1539 2398 1702 2460 quibus

312 2477 406 2533 jam
425 2471 614 2517 credidit
629 2487 718 2516 non
737 2486 779 2515 se
802 2479 1000 2533 oportere
1018 2468 1070 2514 de
1093 2484 1277 2530 corpore
1297 2467 1419 2513 exire.

368 2561 380 2584 ¹
406 2561 490 2593 Vide
515 2560 572 2593 hb.
597 2571 641 2592 xv.
670 2558 815 2597 Coufess.
840 2568 911 2604 cap.
939 2563 974 2595 4.
996 2567 1031 2591 u.
1051 2557 1082 2590 8.
1098 2574 1144 2580 —
1161 2554 1176 2577 ²
1192 2558 1284 2587 Rom.
1302 2565 1370 2597 xw,
1396 2565 1450 2588 12.
1477 2571 1523 2578 —
1546 2551 1695 2590 ³Mauh.

328 2626 374 2647 vu
392 2637 400 2652 ,
428 2616 462 2648 6.
