1758 3246
459 270 514 301 DE
553 268 673 300 BONO
710 269 976 312 CONJUGALI,
1018 269 1103 301 [AB.
1148 271 1176 303 1.
1414 271 1503 321 277

135 338 427 398 congruebat,
454 351 583 400 aquo
599 351 676 395 ego
695 350 791 380 sum
820 334 1027 379 immunis
1045 371 1056 390 ‚
1087 346 1137 380 ut
1169 337 1214 382 in
1250 352 1345 384 meo
1375 335 1506 384 etiam

135 425 317 471 corpore
337 415 543 469 appareat
562 403 681 468 quod
697 403 771 449 illa
793 403 839 448 in
859 403 1001 449 animo
1030 407 1326 454 conservabat.

199 477 406 524 XXVIII.
448 477 533 520 Res
557 492 658 534 ergo
682 474 797 537 ipsas
821 474 854 519 si
874 490 1177 537 comparemus
1197 512 1208 531 ‚
1230 477 1349 523 nullo
1375 478 1508 524 modo

136 546 428 593 dubitandum
468 555 531 590 est
571 544 792 590 meliorem
827 560 913 589 csse
951 544 1192 589 castitatem
1231 548 1511 594 continentiae

135 634 267 680 quam
283 615 523 661 castitatem
540 614 780 678 nuptialem
794 651 806 670 ,
826 630 927 659 cum
949 624 1090 658 tamen
1109 625 1342 678 utrumque
1361 617 1416 661 sit
1430 618 1511 663 bo-

135 704 240 732 num
264 705 274 731 :
296 687 493 732 homines
513 703 612 732 vero
632 702 732 731 cum
752 702 1076 747 comparamus,
1098 684 1170 730 ille
1188 696 1248 731 est
1263 686 1414 731 melior
1432 688 1510 750 qui

133 757 302 803 bonum
336 756 522 820 amplius
549 773 680 820 quam
711 756 817 801 alius
851 756 999 802 habet.
1037 756 1175 801 Porro
1209 757 1286 819 qui
1326 756 1511 820 amplius

134 827 326 885 ejusdem
353 827 516 886 generis
537 827 694 882 habet,
719 837 762 871 et
779 826 824 871 id
848 825 969 889 quod
992 826 1134 871 minus
1153 836 1215 871 est
1236 826 1372 871 habet
1395 844 1405 870 ε
1434 826 1511 888 qui

136 908 278 942 autem
300 897 603 943 tantummodo
630 897 749 961 quod
778 897 922 943 minus
960 907 1022 941 cst
1045 896 1205 952 habet,
1234 896 1278 942 id
1303 896 1423 959 quod
1448 906 1512 941 est

136 967 325 1029 amplius
344 985 431 1012 non
454 968 603 1030 utique
623 968 770 1014 habet.
800 969 851 1012 ln
869 967 1083 1026 sexaginta
1106 967 1218 1012 enim
1242 976 1400 1011 suntet
1428 966 1512 1011 tri-

135 1036 249 1095 ginta
271 1073 282 1092 ,
318 1054 406 1082 non
439 1038 485 1082 in
520 1038 692 1096 triginta
730 1047 830 1083 sunt
866 1047 908 1081 et
937 1037 1166 1092 sexaginta.
1211 1036 1308 1080 Non
1341 1035 1511 1098 operari

135 1117 275 1151 autem
297 1124 344 1152 ex
365 1124 414 1152 eo
432 1107 552 1170 quod
570 1109 722 1157 habet,
745 1108 790 1148 in
810 1103 1120 1149 distributione
1137 1104 1380 1150 officiorum
1400 1106 1513 1168 posi-

139 1186 227 1221 tum
245 1188 328 1232 est,
354 1177 505 1222 nonin
531 1185 711 1233 egestate
734 1174 948 1219 virtutum
969 1191 979 1218 ε
1010 1174 1112 1235 quia
1137 1191 1217 1219 nec
1242 1175 1361 1220 bono
1378 1175 1511 1220 mise-

135 1243 335 1288 ricordiae
366 1253 507 1298 caret,
545 1244 622 1305 qui
655 1260 744 1288 non
778 1243 944 1289 invenit
973 1243 1147 1289 miseros
1183 1244 1345 1307 quibus
1378 1245 1514 1308 possit

135 1312 468 1357 misericorditer
490 1313 734 1359 subvenire.

199 1383 363 1428 xxix.
417 1383 517 1428 Huc
553 1383 748 1438 accedit,
787 1383 890 1446 quia
930 1400 1019 1428 non
1053 1393 1166 1428 recte
1200 1395 1512 1447 comparantur

134 1452 331 1498 homines
352 1452 607 1498 hominibus
630 1469 678 1497 ex
697 1469 782 1497 uno
808 1452 953 1515 aliquo
977 1453 1108 1498 bono.
1138 1453 1249 1498 Fieri
1278 1453 1392 1498 enim
1421 1471 1511 1517 po-

135 1532 216 1567 test
243 1532 292 1566 ut
318 1522 424 1567 alius
458 1539 547 1566 non
578 1519 743 1566 babeat
777 1521 943 1584 aliquid
968 1521 1088 1584 quod
1113 1521 1221 1567 alius
1252 1523 1411 1580 habet,
1439 1523 1514 1569 sed

137 1592 255 1638 aliud
277 1592 439 1638 habeat
456 1592 574 1655 quod
601 1593 738 1655 pluris
766 1593 1071 1638 aestimandum
1099 1604 1174 1639 est.
1226 1594 1368 1653 Majus
1396 1594 1512 1640 enim

136 1663 305 1708 bonum
332 1672 394 1707 est
418 1662 676 1707 obedientiae
705 1680 836 1725 quam
873 1663 1166 1710 continentiae.
1205 1665 1316 1709 Nam
1340 1681 1516 1710 connu-

135 1733 260 1778 bium
278 1749 493 1795 nusquam
509 1743 753 1778 nostrarum
774 1733 1100 1796 Scripturarum
1123 1734 1378 1780 auctoritate
1394 1735 1515 1781 dam·

136 1814 287 1859 natur,
321 1802 615 1849 inobedientia
646 1819 748 1849 vero
781 1821 996 1868 nusquam
1032 1804 1284 1852 absolvitur.
1325 1806 1371 1851 Si
1413 1823 1513 1866 ergo

135 1884 410 1937 proponatur
430 1874 552 1933 virgo
569 1891 851 1937 permansura
867 1911 878 1927 ‚
905 1875 979 1920 sed
1001 1885 1144 1920 tamen
1167 1875 1422 1922 inobediens
1438 1914 1448 1933 ,
1472 1888 1514 1922 et

136 1945 335 1990 maritata
371 1960 470 2006 quae
500 1945 620 2002 virgo
654 1960 906 2006 permanere
944 1963 1031 1990 non
1066 1957 1233 2007 posset,
1265 1947 1338 1992 sed
1370 1957 1517 1992 tamen

136 2013 365 2069 obediens,
390 2029 524 2076 quam
556 2012 777 2058 meliorem
811 2013 1037 2059 dicamus?
1078 2015 1224 2060 Minus
1251 2015 1517 2063 laudabilem

136 2101 268 2148 quain
294 2083 331 2128 si
351 2083 473 2143 virgo
496 2093 625 2139 esset,
648 2101 704 2129 an
728 2083 1023 2129 damnabilem
1048 2084 1161 2130 sicut
1183 2085 1306 2146 virgo
1330 2091 1425 2133 est?
1450 2091 1517 2133 Ita

138 2155 172 2199 si
201 2154 394 2200 conferas
426 2154 641 2199 ebriosam
668 2155 880 2215 virginem
915 2156 1074 2201 sobriae
1112 2160 1384 2217 conjugatae,
1422 2160 1519 2222 quis

138 2224 313 2270 dubitet
345 2223 541 2269 eamdem
582 2224 693 2270 ferre
731 2225 1014 2271 sententiam?
1053 2226 1232 2289 Nuptiae
1273 2228 1441 2291 quippe
1477 2240 1519 2274 et

137 2295 360 2354 Virginitas
385 2294 473 2340 duo
498 2294 614 2339 bona
643 2305 770 2352 sunt,
804 2313 993 2360 quorum
1024 2296 1205 2342 alterum
1232 2302 1373 2358 majus
1397 2316 1406 2343 :
1444 2316 1518 2345 so-

138 2366 297 2412 brietas
322 2375 463 2410 autem
482 2374 524 2410 et
547 2365 794 2423 ebriositas,
821 2367 934 2413 sicut
951 2367 1202 2413 obedientia
1220 2378 1262 2412 et
1288 2378 1517 2415 contuma-

139 2436 206 2481 cia
222 2473 233 2491 ‚
261 2435 335 2481 illa
356 2436 474 2480 bona
498 2445 627 2492 sunt,
651 2435 749 2481 haec
768 2437 896 2483 mala.
928 2437 1085 2482 Melius
1104 2448 1166 2482 est
1183 2448 1327 2483 autem
1353 2437 1518 2485 habere

140 2506 284 2552 omnia
312 2506 429 2551 bona
456 2505 524 2552 vel
559 2506 754 2563 minora,
792 2523 923 2570 quam
958 2524 1167 2566 magnum
1207 2508 1375 2553 bonum
1416 2525 1517 2554 cum

139 2594 295 2639 magno
315 2577 429 2625 malo
453 2594 464 2623 ε
494 2577 595 2641 quia
617 2588 659 2624 et
675 2578 720 2627 in
743 2578 939 2646 corporis
955 2578 1083 2626 bonis
1103 2577 1255 2627 melius
1275 2579 1518 2629 esthabere
