1758 3246
313 288 374 341 4ο
722 299 755 327 s.
799 296 1039 327 Avctsrffit
1075 295 1271 325 muscopt

311 362 435 409 sibile
473 371 561 417 est,
613 360 659 406 id
698 371 839 424 potest
882 361 1017 420 digito
1062 359 1225 406 ostendi
1254 377 1262 403 :
1291 358 1495 421 quoniam
1539 369 1681 421 posset

313 432 440 477 etiam
470 430 612 476 anima
642 429 940 493 corruptibilis
970 429 1084 481 dici;
1124 445 1224 473 nam
1248 428 1362 472 vitiis
1396 444 1566 472 morum
1588 428 1682 491 ipsa

313 500 624 563 corrumpitur.
651 521 670 540 α
691 501 745 545 Et
770 499 950 544 mortale
968 499 1054 542 hoc
1072 497 1251 542 induere
1272 496 1638 543 immortalitatem
1663 519 1683 538 n
1737 494 1742 517 ³

311 585 414 614 cum
450 569 631 628 legitur,
668 569 818 613 eadem
845 568 1113 626 significatur
1147 566 1330 611 visibilis
1355 583 1480 621 caro,
1515 567 1616 629 quia
1640 567 1684 612 in

310 654 407 683 eam
436 637 672 682 identidem
699 637 818 682 velut
842 636 1002 695 digitus
1035 635 1289 680 intenditur.
1328 635 1475 679 Potest
1505 635 1617 679 enim
1646 645 1687 680 et
1739 625 1747 682 {-

315 707 458 752 anima
481 707 593 752 sicut
611 704 910 769 corruptibilis
932 717 1114 769 propter
1133 722 1305 750 morum
1322 704 1443 761 vitia,
1477 705 1535 749 ita
1560 705 1684 750 etiam
1744 730 1745 734 =

313 775 510 822 mortalis
553 776 655 822 dici.
702 800 722 819 «
738 778 856 822 Mors
900 777 1064 839 quippe
1102 776 1257 820 animae
1300 784 1364 819 est
1406 785 1646 837 apostatare
1667 792 1688 818 a

318 866 340 887 »
363 845 484 891 De01
506 863 516 890 t
544 867 565 887 υ
589 845 707 909 quod
735 847 930 909 primum
955 849 1045 904 ejus
1068 855 1296 907 peccatum
1325 844 1370 889 in
1394 843 1595 906 paradiso
1619 861 1689 888 sa-

317 915 401 960 cris
424 915 598 961 Litteris
612 917 858 961 continetur
871 916 904 961 2.

381 986 542 1033 XXIV.
581 987 788 1045 Resurget
816 986 946 1045 igitur
969 1001 1126 1048 corpus
1150 985 1389 1030 secundnm
1414 983 1691 1030 christianam

316 1055 449 1100 fidem
466 1093 476 1112 ‚
502 1073 600 1118 quae
618 1056 764 1102 fallere
781 1074 868 1102 non
885 1067 1041 1119 potest.
1071 1056 1200 1112 Quod
1227 1057 1296 1102 cui
1311 1055 1481 1101 videtui·
1501 1055 1693 1100 incredi-

318 1124 426 1181 bile,
459 1127 598 1188 qualis
628 1144 747 1173 nunc
770 1127 823 1172 sit
847 1144 946 1171 caro
972 1126 1170 1181 attendit,
1208 1126 1345 1189 qualis
1375 1137 1517 1170 autem
1549 1125 1695 1170 futura

321 1195 378 1239 sit
405 1212 493 1240 non
525 1195 767 1241 considerat
792 1213 802 1239 ε
831 1198 932 1258 quia
954 1197 1028 1240 illo
1061 1208 1254 1258 tempore
1280 1195 1594 1241 immutationis
1614 1213 1696 1240 an-

321 1264 469 1323 gelicae
494 1269 687 1323 nonjam
712 1283 812 1311 caro
835 1267 915 1310 erit
937 1277 978 1310 ct
1009 1266 1195 1325 sanguis,
1221 1265 1295 1310 sed
1319 1275 1487 1310 tantum
1513 1282 1688 1328 corpus.

326 1335 443 1379 Cum
460 1335 574 1380 enim
594 1335 647 1380 de
660 1353 788 1381 carne
808 1336 1040 1399 Apostolus
1057 1336 1304 1398 loqueretur
1325 1353 1335 1380 :
1363 1357 1383 1377 «
1404 1335 1515 1391 Alia,
1535 1335 1694 1398 inquit,

326 1423 350 1444 ν)
373 1420 474 1450 caro
506 1422 734 1468 pecorum,
768 1406 848 1451 alia
872 1406 1117 1461 volucrum,
1158 1406 1238 1452 alia
1266 1407 1470 1468 piscium.
1506 1404 1587 1450 alia
1611 1421 1699 1449 ser-

326 1493 350 1515 »
374 1486 581 1537 pentum3
613 1487 656 1521 et
681 1494 864 1539 corpora
889 1477 1096 1531 coelestia‚
1125 1487 1165 1520 et
1189 1494 1373 1539 corpora
1393 1477 1606 1521 terrestria
1621 1478 1653 1520 ὅ.
1681 1495 1700 1514 »

330 1544 428 1589 Non
464 1545 579 1591 enim
603 1546 710 1591 dixit
736 1564 746 1590 ε
776 1547 831 1590 Et
867 1564 966 1591 caro
999 1545 1211 1602 coelestis5
1246 1546 1352 1590 dixit
1387 1556 1528 1591 autem
1565 1564 1575 1590 :
1605 1567 1623 1585 «
1647 1547 1699 1589 lit

331 1634 354 1656 »
379 1615 569 1662 coelestia
611 1628 653 1662 et
694 1618 908 1662 terrestria
954 1633 1151 1680 corpora.
1187 1640 1206 1656 »
1247 1617 1401 1661 Omnis
1446 1618 1559 1662 enim
1603 1633 1701 1662 caro

329 1686 460 1731 etiam
495 1703 653 1750 corpus
682 1698 770 1743 est,
802 1704 890 1732 non
932 1698 1073 1732 antem
1105 1704 1231 1731 omne
1255 1703 1411 1749 corpus
1445 1688 1573 1731 ctiam
1603 1703 1702 1732 caro

332 1765 396 1800 est
418 1774 427 1800 :
453 1758 597 1819 primo
619 1757 663 1802 in
688 1758 775 1802 istis
800 1757 1089 1813 terrestribus,
1123 1756 1329 1819 quoniam
1353 1756 1516 1815 lignum
1545 1773 1703 1819 corpus

332 1835 420 1882 est,
445 1825 518 1871 sed
542 1844 630 1872 non
657 1844 756 1872 caro
787 1844 798 1871 :
827 1826 1016 1873 hominis
1040 1837 1178 1870 autem
1202 1825 1268 1870 vel
1297 1826 1464 1889 peeoris
1486 1836 1527 1870 et
1546 1843 1705 1889 corpus

334 1904 377 1940 et
394 1911 495 1940 caro
521 1906 581 1941 est
608 1914 620 1941 ε
646 1897 693 1941 in
717 1896 970 1941 coelestibus
999 1913 1101 1940 xero
1130 1895 1248 1940 nulla
1269 1912 1394 1951 caro,
1429 1894 1502 1940 sed
1529 1912 1710 1959 corpora

336 1964 552 2028 simplicia
579 1975 620 2010 et
647 1965 794 2011 lucida
812 2003 822 2022 ,
857 1982 955 2028 quae
983 1965 1174 2028 appellat
1211 1964 1444 2027 Apostolus
1472 1965 1708 2028 spiritalia3

1749 1350 1756 1604 ἰ

337 2035 539 2080 nonnulli
563 2046 703 2081 autem
734 2048 892 2082 vocant
923 2036 1121 2082 {etherea
1162 2037 1218 2081 Et
1244 2035 1340 2080 ideo
1364 2053 1451 2080 non
1478 2037 1618 2081 carnis
1640 2053 1711 2082 rc-
1757 2031 1758 2034 Ἴ

337 2105 594 2150 surrectioni
621 2107 882 2152 contradicit
905 2107 1015 2152 illud
1036 2106 1151 2168 quod
1180 2107 1238 2151 ait
1261 2123 1270 2149 :
1300 2127 1319 2145 α
1343 2106 1456 2150 Caro
1483 2117 1525 2151 et
1541 2108 1712 2166 sanguis

335 2194 359 2217 »
381 2191 562 2235 regnum
593 2177 673 2221 Dei
708 2194 796 2221 non
828 2177 1140 2239 possidebunt‘·
1167 2195 1176 2220 :
1203 2198 1222 2217 ›>
1258 2175 1326 2220 sed
1362 2176 1487 2239 quale
1513 2177 1711 2222 futurum

336 2245 393 2290 sit
414 2245 533 2308 quod
557 2262 673 2290 nunc
696 2263 794 2290 caro
823 2257 863 2290 et
894 2247 1064 2302 sanguis
1086 2257 1164 2301 est,
1189 2246 1415 2308 praedicat.
1457 2247 1507 2290 In
1541 2246 1711 2309 qualem

336 2325 536 2360 naturam
560 2316 755 2377 quisquis
786 2316 900 2360 hanc
926 2333 1098 2360 carnem
1128 2317 1321 2361 converti
1352 2332 1477 2378 posse
1502 2332 1587 2360 non
1613 2333 1710 2361 cre-

339 2385 431 2442 dit,
467 2384 673 2444 giadibus
706 2385 931 2431 ducendus
963 2396 1022 2430 est
1059 2386 1113 2430 ad
1151 2386 1296 2431 sidem
1337 2385 1383 2429 Si
1423 2385 1536 2429 enim
1570 2385 1624 2430 ab
1662 2402 1710 2430 eo

339 2471 507 2532 quaelas
539 2464 686 2500 utrum
718 2465 827 2500 terra
867 2455 946 2500 in
938 2471 1094 2518 aquam
1125 2455 1260 2518 possit
1289 2454 1500 2511 converti,
1531 2466 1710 2519 ptopter

342 2525 607 2570 sicinitatem
629 2543 716 2570 non
747 2525 784 2570 ei
807 2525 980 2571 xidetur
1003 2525 1270 2571 incredibile
1306 2492 1500 2571 Ruisurri
1521 2526 1554 2570 si
1591 2543 1712 2590 quae·

391 2606 1221 2647 ¹12Cltxx4-—Gt111116—1(T01·.x‘
1262 2606 1576 2640 1—1111150
