<?xml version="1.0" encoding="UTF-8"?>
<!DOCTYPE html PUBLIC "-//W3C//DTD XHTML 1.0 Transitional//EN"
    "http://www.w3.org/TR/xhtml1/DTD/xhtml1-transitional.dtd">
<html xmlns="http://www.w3.org/1999/xhtml" xml:lang="en" lang="en">
 <head>
  <title>
</title>
<meta http-equiv="Content-Type" content="text/html;charset=utf-8" />
  <meta name='ocr-system' content='tesseract 3.04.00' />
  <meta name='ocr-capabilities' content='ocr_page ocr_carea ocr_par ocr_line ocrx_word'/>
</head>
<body>
  <div class='ocr_page' id='page_1' title='image "./operaomniaaccura26auguuoft/operaomniaaccura26auguuoft_0115.png"; bbox 0 0 1758 3246; ppageno 0'>
   <div class='ocr_carea' id='block_1_1' title="bbox 53 313 1431 367">
    <p class='ocr_par' dir='ltr' id='par_1_1' title="bbox 53 313 1431 367">
     <span class='ocr_line' id='line_1_1' title="bbox 53 313 1431 367; baseline -0.002 -4"><span class='ocrx_word' id='word_1_1' title='bbox 53 329 351 363; x_wconf 78' lang='lat' dir='ltr'><strong>ENCHIRIDION</strong></span> <span class='ocrx_word' id='word_1_2' title='bbox 391 327 445 356; x_wconf 90' lang='lat' dir='ltr'>DE</span> <span class='ocrx_word' id='word_1_3' title='bbox 483 326 602 365; x_wconf 76' lang='lat' dir='ltr'>FIDE,</span> <span class='ocrx_word' id='word_1_4' title='bbox 631 326 706 355; x_wconf 87' lang='lat' dir='ltr'>SPE</span> <span class='ocrx_word' id='word_1_5' title='bbox 743 326 795 355; x_wconf 81' lang='lat' dir='ltr'>ET</span> <span class='ocrx_word' id='word_1_6' title='bbox 832 324 1099 367; x_wconf 76' lang='lat' dir='ltr'><strong>CI-IARITA&#39;I&#39;E,</strong></span> <span class='ocrx_word' id='word_1_7' title='bbox 1128 328 1216 358; x_wconf 84' lang='lat' dir='ltr'><strong>LIB.</strong></span> <span class='ocrx_word' id='word_1_8' title='bbox 1264 329 1293 359; x_wconf 94' lang='lat'>1.</span> <span class='ocrx_word' id='word_1_9' title='bbox 1344 313 1431 360; x_wconf 83' lang='lat'>105</span> 
     </span>
    </p>
   </div>
   <div class='ocr_carea' id='block_1_2' title="bbox 53 395 1432 524">
    <p class='ocr_par' dir='ltr' id='par_1_2' title="bbox 53 395 1432 524">
     <span class='ocr_line' id='line_1_2' title="bbox 54 395 1432 459; baseline -0.002 -12"><span class='ocrx_word' id='word_1_10' title='bbox 54 402 131 447; x_wconf 90' lang='lat' dir='ltr'>ubi</span> <span class='ocrx_word' id='word_1_11' title='bbox 149 401 202 446; x_wconf 87' lang='lat' dir='ltr'>de</span> <span class='ocrx_word' id='word_1_12' title='bbox 226 400 377 446; x_wconf 89' lang='lat' dir='ltr'>arbore</span> <span class='ocrx_word' id='word_1_13' title='bbox 398 406 442 441; x_wconf 87' lang='lat' dir='ltr'>et</span> <span class='ocrx_word' id='word_1_14' title='bbox 464 395 684 441; x_wconf 85' lang='lat' dir='ltr'>fructibus</span> <span class='ocrx_word' id='word_1_15' title='bbox 697 395 978 459; x_wconf 81' lang='lat' dir='ltr'>loquebatur,</span> <span class='ocrx_word' id='word_1_16' title='bbox 1006 397 1269 458; x_wconf 82' lang='lat' dir='ltr'>apertissime</span> <span class='ocrx_word' id='word_1_17' title='bbox 1293 409 1432 444; x_wconf 87' lang='lat' dir='ltr'>osten-</span> 
     </span>
     <span class='ocr_line' id='line_1_3' title="bbox 53 465 1432 524; baseline -0.002 -7"><span class='ocrx_word' id='word_1_18' title='bbox 53 471 143 524; x_wconf 86' lang='lat' dir='ltr'>dit;</span> <span class='ocrx_word' id='word_1_19' title='bbox 170 471 229 516; x_wconf 84' lang='lat' dir='ltr'>ait</span> <span class='ocrx_word' id='word_1_20' title='bbox 245 469 386 514; x_wconf 86' lang='lat' dir='ltr'>enim:</span> <span class='ocrx_word' id='word_1_21' title='bbox 410 487 430 507; x_wconf 80' lang='grc' dir='ltr'>(ε</span> <span class='ocrx_word' id='word_1_22' title='bbox 453 467 538 511; x_wconf 80' lang='lat' dir='ltr'>Aut</span> <span class='ocrx_word' id='word_1_23' title='bbox 572 465 701 510; x_wconf 83' lang='lat' dir='ltr'>facite</span> <span class='ocrx_word' id='word_1_24' title='bbox 738 467 938 511; x_wconf 79' lang='lat' dir='ltr'>arborem</span> <span class='ocrx_word' id='word_1_25' title='bbox 976 465 1139 510; x_wconf 89' lang='lat' dir='ltr'>bonam</span> <span class='ocrx_word' id='word_1_26' title='bbox 1171 477 1211 511; x_wconf 92' lang='lat' dir='ltr'>et</span> <span class='ocrx_word' id='word_1_27' title='bbox 1239 467 1432 514; x_wconf 88' lang='lat' dir='ltr'>fructum</span> 
     </span>
    </p>
   </div>
   <div class='ocr_carea' id='block_1_3' title="bbox 53 535 1436 662">
    <p class='ocr_par' dir='ltr' id='par_1_3' title="bbox 53 535 1436 662">
     <span class='ocr_line' id='line_1_4' title="bbox 55 535 1435 600; baseline 0 -16"><span class='ocrx_word' id='word_1_28' title='bbox 55 562 76 584; x_wconf 87' lang='lat'>&gt;›</span> <span class='ocrx_word' id='word_1_29' title='bbox 98 545 188 600; x_wconf 80' lang='lat' dir='ltr'>eJ‘us</span> <span class='ocrx_word' id='word_1_30' title='bbox 205 540 372 585; x_wconf 86' lang='lat' dir='ltr'>bonum</span> <span class='ocrx_word' id='word_1_31' title='bbox 393 574 403 592; x_wconf 81' lang='lat'><strong><em>‚</em></strong></span> <span class='ocrx_word' id='word_1_32' title='bbox 423 547 497 582; x_wconf 85' lang='lat' dir='ltr'>aut</span> <span class='ocrx_word' id='word_1_33' title='bbox 517 536 644 581; x_wconf 88' lang='lat' dir='ltr'>facite</span> <span class='ocrx_word' id='word_1_34' title='bbox 670 537 867 582; x_wconf 80' lang='lat' dir='ltr'>arborem</span> <span class='ocrx_word' id='word_1_35' title='bbox 889 535 1049 581; x_wconf 87' lang='lat' dir='ltr'>malam</span> <span class='ocrx_word' id='word_1_36' title='bbox 1068 546 1110 580; x_wconf 88' lang='lat' dir='ltr'>et</span> <span class='ocrx_word' id='word_1_37' title='bbox 1126 535 1317 582; x_wconf 87' lang='lat' dir='ltr'>fructum</span> <span class='ocrx_word' id='word_1_38' title='bbox 1341 543 1435 598; x_wconf 85' lang='lat' dir='ltr'>ejus</span> 
     </span>
     <span class='ocr_line' id='line_1_5' title="bbox 53 599 1436 662; baseline -0.001 -15"><span class='ocrx_word' id='word_1_39' title='bbox 53 627 75 647; x_wconf 82' lang='lat'>»</span> <span class='ocrx_word' id='word_1_40' title='bbox 98 603 261 649; x_wconf 85' lang='lat' dir='ltr'>malum</span> <span class='ocrx_word' id='word_1_41' title='bbox 280 602 295 631; x_wconf 82' lang='lat'><strong>1</strong></span> <span class='ocrx_word' id='word_1_42' title='bbox 317 621 328 655; x_wconf 82' lang='lat'><em>3</em></span> <span class='ocrx_word' id='word_1_43' title='bbox 353 623 373 642; x_wconf 68' lang='lat' dir='ltr'>n</span> <span class='ocrx_word' id='word_1_44' title='bbox 394 601 493 646; x_wconf 83' lang='lat' dir='ltr'>satis</span> <span class='ocrx_word' id='word_1_45' title='bbox 508 600 747 646; x_wconf 84' lang='lat' dir='ltr'>admonens</span> <span class='ocrx_word' id='word_1_46' title='bbox 779 618 826 646; x_wconf 84' lang='lat' dir='ltr'>ex</span> <span class='ocrx_word' id='word_1_47' title='bbox 845 601 998 646; x_wconf 84' lang='lat' dir='ltr'>arbore</span> <span class='ocrx_word' id='word_1_48' title='bbox 1014 599 1193 662; x_wconf 85' lang='lat' dir='ltr'>quidem</span> <span class='ocrx_word' id='word_1_49' title='bbox 1206 600 1322 646; x_wconf 93' lang='lat' dir='ltr'>bona</span> <span class='ocrx_word' id='word_1_50' title='bbox 1335 619 1436 646; x_wconf 86' lang='lat' dir='ltr'>ma-</span> 
     </span>
    </p>
   </div>
   <div class='ocr_carea' id='block_1_4' title="bbox 53 670 1438 946">
    <p class='ocr_par' dir='ltr' id='par_1_4' title="bbox 53 670 1435 803">
     <span class='ocr_line' id='line_1_6' title="bbox 53 670 1435 734; baseline -0.002 -14"><span class='ocrx_word' id='word_1_51' title='bbox 53 675 116 720; x_wconf 90' lang='lat' dir='ltr'>los</span> <span class='ocrx_word' id='word_1_52' title='bbox 131 711 142 729; x_wconf 70' lang='grc'><em>,</em></span> <span class='ocrx_word' id='word_1_53' title='bbox 172 683 245 718; x_wconf 86' lang='lat' dir='ltr'>aut</span> <span class='ocrx_word' id='word_1_54' title='bbox 259 689 305 717; x_wconf 81' lang='lat' dir='ltr'>ex</span> <span class='ocrx_word' id='word_1_55' title='bbox 322 670 436 717; x_wconf 91' lang='lat' dir='ltr'>mala</span> <span class='ocrx_word' id='word_1_56' title='bbox 459 671 599 716; x_wconf 88' lang='lat' dir='ltr'>bonos</span> <span class='ocrx_word' id='word_1_57' title='bbox 622 671 742 716; x_wconf 84' lang='lat' dir='ltr'>nasci</span> <span class='ocrx_word' id='word_1_58' title='bbox 774 671 941 716; x_wconf 89' lang='lat' dir='ltr'>fructus</span> <span class='ocrx_word' id='word_1_59' title='bbox 982 687 1069 714; x_wconf 88' lang='lat' dir='ltr'>non</span> <span class='ocrx_word' id='word_1_60' title='bbox 1094 687 1217 732; x_wconf 89' lang='lat' dir='ltr'>posse</span> <span class='ocrx_word' id='word_1_61' title='bbox 1236 687 1246 714; x_wconf 89' lang='lat'>:</span> <span class='ocrx_word' id='word_1_62' title='bbox 1274 687 1321 715; x_wconf 83' lang='lat' dir='ltr'>ex</span> <span class='ocrx_word' id='word_1_63' title='bbox 1340 671 1435 734; x_wconf 84' lang='lat' dir='ltr'>ipsa</span> 
     </span>
     <span class='ocr_line' id='line_1_7' title="bbox 53 739 1431 803; baseline -0.002 -14"><span class='ocrx_word' id='word_1_64' title='bbox 53 754 197 789; x_wconf 88' lang='lat' dir='ltr'>tamen</span> <span class='ocrx_word' id='word_1_65' title='bbox 226 752 335 788; x_wconf 88' lang='lat' dir='ltr'>terra</span> <span class='ocrx_word' id='word_1_66' title='bbox 352 778 364 798; x_wconf 83' lang='grc'>,</span> <span class='ocrx_word' id='word_1_67' title='bbox 390 740 458 785; x_wconf 89' lang='lat' dir='ltr'>cui</span> <span class='ocrx_word' id='word_1_68' title='bbox 482 740 762 803; x_wconf 83' lang='lat' dir='ltr'>loquebatur,</span> <span class='ocrx_word' id='word_1_69' title='bbox 806 750 1035 803; x_wconf 86' lang='lat' dir='ltr'>utramque</span> <span class='ocrx_word' id='word_1_70' title='bbox 1065 739 1263 784; x_wconf 85' lang='lat' dir='ltr'>arborem</span> <span class='ocrx_word' id='word_1_71' title='bbox 1291 756 1431 803; x_wconf 88' lang='lat' dir='ltr'>posse.</span> 
     </span>
    </p>

    <p class='ocr_par' dir='ltr' id='par_1_5' title="bbox 53 809 1438 946">
     <span class='ocr_line' id='line_1_8' title="bbox 118 809 1438 874; baseline -0.002 -17"><span class='ocrx_word' id='word_1_72' title='bbox 118 813 169 859; x_wconf 89' lang='lat' dir='ltr'>V.</span> <span class='ocrx_word' id='word_1_73' title='bbox 194 814 305 870; x_wconf 85' lang='lat' dir='ltr'>Quae</span> <span class='ocrx_word' id='word_1_74' title='bbox 324 826 425 857; x_wconf 87' lang='lat' dir='ltr'>cum</span> <span class='ocrx_word' id='word_1_75' title='bbox 442 811 502 856; x_wconf 85' lang='lat' dir='ltr'>ita</span> <span class='ocrx_word' id='word_1_76' title='bbox 522 810 609 856; x_wconf 89' lang='lat' dir='ltr'>sint</span> <span class='ocrx_word' id='word_1_77' title='bbox 626 847 637 867; x_wconf 85' lang='lat'><strong><em>‚</em></strong></span> <span class='ocrx_word' id='word_1_78' title='bbox 664 810 839 874; x_wconf 89' lang='lat' dir='ltr'>quando</span> <span class='ocrx_word' id='word_1_79' title='bbox 861 810 988 855; x_wconf 87' lang='lat' dir='ltr'>nobis</span> <span class='ocrx_word' id='word_1_80' title='bbox 1029 810 1220 855; x_wconf 84' lang='lat' dir='ltr'>Maronis</span> <span class='ocrx_word' id='word_1_81' title='bbox 1239 809 1311 855; x_wconf 86' lang='lat' dir='ltr'>ille</span> <span class='ocrx_word' id='word_1_82' title='bbox 1333 826 1438 856; x_wconf 89' lang='lat' dir='ltr'>ver-</span> 
     </span>
     <span class='ocr_line' id='line_1_9' title="bbox 53 884 322 946; baseline -0.007 -17"><span class='ocrx_word' id='word_1_83' title='bbox 53 900 122 929; x_wconf 91' lang='lat' dir='ltr'>sus</span> <span class='ocrx_word' id='word_1_84' title='bbox 144 884 290 946; x_wconf 85' lang='lat' dir='ltr'>placet</span> <span class='ocrx_word' id='word_1_85' title='bbox 311 900 322 927; x_wconf 78' lang='lat' dir='ltr'><strong><em>z</em></strong></span> 
     </span>
    </p>
   </div>
   <div class='ocr_carea' id='block_1_5' title="bbox 266 956 1099 1027">
    <p class='ocr_par' dir='ltr' id='par_1_6' title="bbox 266 956 1099 1027">
     <span class='ocr_line' id='line_1_10' title="bbox 266 956 1099 1027; baseline -0.001 -10"><span class='ocrx_word' id='word_1_86' title='bbox 266 986 357 1017; x_wconf 76' lang='lat' dir='ltr'>Felix</span> <span class='ocrx_word' id='word_1_87' title='bbox 421 956 569 1027; x_wconf 45' lang='lat' dir='ltr'>qa&#39;ssotuit</span> <span class='ocrx_word' id='word_1_88' title='bbox 597 996 701 1016; x_wconf 80' lang='lat' dir='ltr'>rerum</span> <span class='ocrx_word' id='word_1_89' title='bbox 730 996 922 1027; x_wconf 77' lang='lat' dir='ltr'>cognoscere</span> <span class='ocrx_word' id='word_1_90' title='bbox 946 984 1099 1016; x_wconf 77' lang='lat' dir='ltr'>causa52:</span> 
     </span>
    </p>
   </div>
   <div class='ocr_carea' id='block_1_6' title="bbox 54 1078 1442 1350">
    <p class='ocr_par' dir='ltr' id='par_1_7' title="bbox 54 1078 1442 1350">
     <span class='ocr_line' id='line_1_11' title="bbox 54 1078 1440 1145; baseline 0.001 -19"><span class='ocrx_word' id='word_1_91' title='bbox 54 1098 140 1126; x_wconf 89' lang='lat' dir='ltr'>non</span> <span class='ocrx_word' id='word_1_92' title='bbox 167 1081 293 1125; x_wconf 89' lang='lat' dir='ltr'>nobis</span> <span class='ocrx_word' id='word_1_93' title='bbox 327 1079 526 1125; x_wconf 87' lang='lat' dir='ltr'>videatur</span> <span class='ocrx_word' id='word_1_94' title='bbox 561 1079 615 1123; x_wconf 80' lang='lat' dir='ltr'>ad</span> <span class='ocrx_word' id='word_1_95' title='bbox 646 1078 896 1124; x_wconf 79' lang='lat' dir='ltr'>felicitatem</span> <span class='ocrx_word' id='word_1_96' title='bbox 927 1080 1278 1143; x_wconf 88' lang='lat' dir='ltr'>consequendam</span> <span class='ocrx_word' id='word_1_97' title='bbox 1306 1081 1440 1145; x_wconf 89' lang='lat' dir='ltr'>perti-</span> 
     </span>
     <span class='ocr_line' id='line_1_12' title="bbox 54 1149 1442 1214; baseline 0.001 -19"><span class='ocrx_word' id='word_1_98' title='bbox 54 1167 172 1204; x_wconf 85' lang='lat' dir='ltr'>nere,</span> <span class='ocrx_word' id='word_1_99' title='bbox 202 1150 233 1194; x_wconf 90' lang='lat' dir='ltr'>si</span> <span class='ocrx_word' id='word_1_100' title='bbox 255 1149 440 1195; x_wconf 88' lang='lat' dir='ltr'>sciamus</span> <span class='ocrx_word' id='word_1_101' title='bbox 455 1165 604 1193; x_wconf 82' lang='lat' dir='ltr'>causas</span> <span class='ocrx_word' id='word_1_102' title='bbox 620 1165 876 1207; x_wconf 80' lang='lat' dir='ltr'>magnarum</span> <span class='ocrx_word' id='word_1_103' title='bbox 896 1149 943 1193; x_wconf 90' lang='lat' dir='ltr'>in</span> <span class='ocrx_word' id='word_1_104' title='bbox 961 1151 1126 1196; x_wconf 89' lang='lat' dir='ltr'>mundo</span> <span class='ocrx_word' id='word_1_105' title='bbox 1147 1152 1442 1214; x_wconf 79' lang='lat' dir='ltr'>corporalium</span> 
     </span>
     <span class='ocr_line' id='line_1_13' title="bbox 55 1216 1435 1280; baseline 0.001 -15"><span class='ocrx_word' id='word_1_106' title='bbox 55 1220 296 1265; x_wconf 85' lang='lat' dir='ltr'>motionum</span> <span class='ocrx_word' id='word_1_107' title='bbox 310 1256 321 1274; x_wconf 86' lang='lat'>‚</span> <span class='ocrx_word' id='word_1_108' title='bbox 347 1235 446 1280; x_wconf 75' lang='lat' dir='ltr'>quae</span> <span class='ocrx_word' id='word_1_109' title='bbox 466 1216 749 1262; x_wconf 84' lang='lat' dir='ltr'>abditissimis</span> <span class='ocrx_word' id='word_1_110' title='bbox 770 1229 938 1263; x_wconf 81' lang='lat' dir='ltr'>naturae</span> <span class='ocrx_word' id='word_1_111' title='bbox 957 1220 1125 1265; x_wconf 88' lang='lat' dir='ltr'>sinibus</span> <span class='ocrx_word' id='word_1_112' title='bbox 1156 1221 1435 1268; x_wconf 88' lang='lat' dir='ltr'>occuluntur.</span> 
     </span>
     <span class='ocr_line' id='line_1_14' title="bbox 56 1287 1441 1350; baseline 0.001 -15"><span class='ocrx_word' id='word_1_113' title='bbox 56 1290 181 1335; x_wconf 73' lang='lat' dir='ltr'>[nde</span> <span class='ocrx_word' id='word_1_114' title='bbox 207 1299 367 1333; x_wconf 91' lang='lat' dir='ltr'>tremor</span> <span class='ocrx_word' id='word_1_115' title='bbox 386 1287 508 1332; x_wconf 87' lang='lat' dir='ltr'>terris</span> <span class='ocrx_word' id='word_1_116' title='bbox 524 1324 534 1342; x_wconf 79' lang='grc'>,</span> <span class='ocrx_word' id='word_1_117' title='bbox 571 1304 657 1350; x_wconf 87' lang='lat' dir='ltr'>qua</span> <span class='ocrx_word' id='word_1_118' title='bbox 687 1288 728 1332; x_wconf 89' lang='lat' dir='ltr'>vi</span> <span class='ocrx_word' id='word_1_119' title='bbox 753 1289 886 1333; x_wconf 87' lang='lat' dir='ltr'>maria</span> <span class='ocrx_word' id='word_1_120' title='bbox 907 1289 993 1334; x_wconf 87' lang='lat' dir='ltr'>alta</span> <span class='ocrx_word' id='word_1_121' title='bbox 1018 1300 1282 1348; x_wconf 77' lang='lat' dir='ltr'>tumescant,</span> <span class='ocrx_word' id='word_1_122' title='bbox 1303 1292 1441 1338; x_wconf 89' lang='lat' dir='ltr'>obici·</span> 
     </span>
    </p>
   </div>
   <div class='ocr_carea' id='block_1_7' title="bbox 55 1358 1443 1422">
    <p class='ocr_par' dir='ltr' id='par_1_8' title="bbox 55 1358 1443 1422">
     <span class='ocr_line' id='line_1_15' title="bbox 55 1358 1443 1422; baseline 0.002 -17"><span class='ocrx_word' id='word_1_123' title='bbox 55 1359 136 1406; x_wconf 84' lang='lat' dir='ltr'>bus</span> <span class='ocrx_word' id='word_1_124' title='bbox 156 1359 295 1422; x_wconf 86' lang='lat' dir='ltr'>ruptis</span> <span class='ocrx_word' id='word_1_125' title='bbox 310 1374 542 1420; x_wconf 84' lang='lat' dir='ltr'>rursusque</span> <span class='ocrx_word' id='word_1_126' title='bbox 558 1358 602 1402; x_wconf 89' lang='lat' dir='ltr'>in</span> <span class='ocrx_word' id='word_1_127' title='bbox 621 1358 771 1420; x_wconf 86' lang='lat' dir='ltr'>seipsa</span> <span class='ocrx_word' id='word_1_128' title='bbox 796 1358 1016 1412; x_wconf 82' lang='lat' dir='ltr'>residant3</span> <span class='ocrx_word' id='word_1_129' title='bbox 1037 1371 1079 1404; x_wconf 90' lang='lat' dir='ltr'>et</span> <span class='ocrx_word' id='word_1_130' title='bbox 1102 1372 1258 1407; x_wconf 86' lang='lat' dir='ltr'>caetera</span> <span class='ocrx_word' id='word_1_131' title='bbox 1281 1362 1443 1422; x_wconf 73' lang='lat' dir='ltr'>huJus-</span> 
     </span>
    </p>
   </div>
   <div class='ocr_carea' id='block_1_8' title="bbox 0 1681 6 2416">
    <p class='ocr_par' dir='ltr' id='par_1_9' title="bbox 0 1658 6 2416">
     <span class='ocr_line' id='line_1_16' title="bbox 0 1681 2 1764; baseline 0 -100"><span class='ocrx_word' id='word_1_132' title='bbox 0 1681 2 1764; x_wconf 37' lang='grc' dir='ltr'>Ι</span> 
     </span>
     <span class='ocr_line' id='line_1_17' title="bbox 0 1766 3 1931; baseline 0 0"><span class='ocrx_word' id='word_1_133' title='bbox 0 1766 3 1931; x_wconf 72' lang='grc' dir='ltr'>ἔ</span> 
     </span>
     <span class='ocr_line' id='line_1_18' title="bbox 2 2322 6 2416; baseline 0 -7"><span class='ocrx_word' id='word_1_134' title='bbox 2 2322 6 2416; x_wconf 69' lang='lat' dir='ltr'>l</span> 
     </span>
    </p>
   </div>
   <div class='ocr_carea' id='block_1_9' title="bbox 54 1427 1454 2546">
    <p class='ocr_par' dir='ltr' id='par_1_10' title="bbox 54 1427 1454 2546">
     <span class='ocr_line' id='line_1_19' title="bbox 58 1427 1444 1477; baseline 0.003 -3"><span class='ocrx_word' id='word_1_135' title='bbox 58 1429 190 1475; x_wconf 89' lang='lat' dir='ltr'>modi.</span> <span class='ocrx_word' id='word_1_136' title='bbox 219 1428 302 1473; x_wconf 83' lang='lat' dir='ltr'>Sed</span> <span class='ocrx_word' id='word_1_137' title='bbox 318 1429 534 1473; x_wconf 87' lang='lat' dir='ltr'>bonarum</span> <span class='ocrx_word' id='word_1_138' title='bbox 556 1438 598 1472; x_wconf 89' lang='lat' dir='ltr'>et</span> <span class='ocrx_word' id='word_1_139' title='bbox 620 1427 831 1472; x_wconf 86' lang='lat' dir='ltr'>malarum</span> <span class='ocrx_word' id='word_1_140' title='bbox 853 1445 997 1474; x_wconf 85' lang='lat' dir='ltr'>rerum</span> <span class='ocrx_word' id='word_1_141' title='bbox 1030 1446 1179 1475; x_wconf 85' lang='lat' dir='ltr'>causas</span> <span class='ocrx_word' id='word_1_142' title='bbox 1216 1449 1338 1477; x_wconf 89' lang='lat' dir='ltr'>nosse</span> <span class='ocrx_word' id='word_1_143' title='bbox 1362 1433 1444 1477; x_wconf 86' lang='lat' dir='ltr'>de-</span> 
     </span>
     <span class='ocr_line' id='line_1_20' title="bbox 56 1497 1444 1559; baseline 0.003 -15"><span class='ocrx_word' id='word_1_144' title='bbox 56 1501 232 1545; x_wconf 80' lang='lat' dir='ltr'>bemus:</span> <span class='ocrx_word' id='word_1_145' title='bbox 262 1508 307 1542; x_wconf 89' lang='lat' dir='ltr'>et</span> <span class='ocrx_word' id='word_1_146' title='bbox 329 1497 375 1542; x_wconf 90' lang='lat' dir='ltr'>id</span> <span class='ocrx_word' id='word_1_147' title='bbox 395 1497 630 1552; x_wconf 73' lang='lat' dir='ltr'>hactenus‚</span> <span class='ocrx_word' id='word_1_148' title='bbox 660 1507 870 1559; x_wconf 85' lang='lat' dir='ltr'>quatenus</span> <span class='ocrx_word' id='word_1_149' title='bbox 895 1516 964 1543; x_wconf 88' lang='lat' dir='ltr'>eas</span> <span class='ocrx_word' id='word_1_150' title='bbox 984 1498 1156 1546; x_wconf 87' lang='lat' dir='ltr'>homini</span> <span class='ocrx_word' id='word_1_151' title='bbox 1179 1501 1226 1546; x_wconf 89' lang='lat' dir='ltr'>in</span> <span class='ocrx_word' id='word_1_152' title='bbox 1249 1502 1333 1548; x_wconf 90' lang='lat' dir='ltr'>hac</span> <span class='ocrx_word' id='word_1_153' title='bbox 1355 1503 1444 1548; x_wconf 82' lang='lat' dir='ltr'>vita</span> 
     </span>
     <span class='ocr_line' id='line_1_21' title="bbox 57 1566 1444 1629; baseline 0.002 -14"><span class='ocrx_word' id='word_1_154' title='bbox 57 1569 275 1615; x_wconf 84' lang='lat' dir='ltr'>erroribus</span> <span class='ocrx_word' id='word_1_155' title='bbox 301 1567 591 1629; x_wconf 72' lang='lat' dir='ltr'>aerumnisque</span> <span class='ocrx_word' id='word_1_156' title='bbox 612 1566 859 1629; x_wconf 87' lang='lat' dir='ltr'>plenissima</span> <span class='ocrx_word' id='word_1_157' title='bbox 880 1605 890 1622; x_wconf 82' lang='lat'><strong><em>‚</em></strong></span> <span class='ocrx_word' id='word_1_158' title='bbox 917 1568 970 1613; x_wconf 92' lang='lat' dir='ltr'>ad</span> <span class='ocrx_word' id='word_1_159' title='bbox 1008 1570 1176 1615; x_wconf 86' lang='lat' dir='ltr'>eosdem</span> <span class='ocrx_word' id='word_1_160' title='bbox 1207 1589 1368 1618; x_wconf 89' lang='lat' dir='ltr'>errores</span> <span class='ocrx_word' id='word_1_161' title='bbox 1401 1583 1444 1618; x_wconf 88' lang='lat' dir='ltr'>et</span> 
     </span>
     <span class='ocr_line' id='line_1_22' title="bbox 56 1635 1443 1706; baseline 0.002 -22"><span class='ocrx_word' id='word_1_162' title='bbox 56 1655 270 1685; x_wconf 72' lang='lat' dir='ltr'>aerumnas</span> <span class='ocrx_word' id='word_1_163' title='bbox 291 1635 533 1682; x_wconf 80' lang='lat' dir='ltr'>evadendas</span> <span class='ocrx_word' id='word_1_164' title='bbox 563 1653 684 1680; x_wconf 88' lang='lat' dir='ltr'>nosse</span> <span class='ocrx_word' id='word_1_165' title='bbox 707 1637 978 1684; x_wconf 84' lang='lat' dir='ltr'>conceditur.</span> <span class='ocrx_word' id='word_1_166' title='bbox 1031 1639 1099 1684; x_wconf 88' lang='lat' dir='ltr'>Ad</span> <span class='ocrx_word' id='word_1_167' title='bbox 1135 1640 1254 1686; x_wconf 87' lang='lat' dir='ltr'>illam</span> <span class='ocrx_word' id='word_1_168' title='bbox 1277 1642 1443 1706; x_wconf 86' lang='lat' dir='ltr'>quippe</span> 
     </span>
     <span class='ocr_line' id='line_1_23' title="bbox 54 1705 1439 1770; baseline 0.003 -16"><span class='ocrx_word' id='word_1_169' title='bbox 54 1709 304 1755; x_wconf 80' lang='lat' dir='ltr'>felicitatem</span> <span class='ocrx_word' id='word_1_170' title='bbox 324 1705 589 1751; x_wconf 88' lang='lat' dir='ltr'>tendendum</span> <span class='ocrx_word' id='word_1_171' title='bbox 611 1716 671 1750; x_wconf 86' lang='lat' dir='ltr'>est</span> <span class='ocrx_word' id='word_1_172' title='bbox 687 1742 698 1753; x_wconf 80' lang='grc'><strong>.</strong></span> <span class='ocrx_word' id='word_1_173' title='bbox 721 1707 800 1751; x_wconf 83' lang='lat' dir='ltr'>ubi</span> <span class='ocrx_word' id='word_1_174' title='bbox 818 1706 936 1751; x_wconf 88' lang='lat' dir='ltr'>nulla</span> <span class='ocrx_word' id='word_1_175' title='bbox 958 1710 1207 1770; x_wconf 84' lang='lat' dir='ltr'>quatiamur</span> <span class='ocrx_word' id='word_1_176' title='bbox 1228 1728 1439 1768; x_wconf 76' lang='lat' dir='ltr'>aerumna,</span> 
     </span>
     <span class='ocr_line' id='line_1_24' title="bbox 57 1775 1444 1841; baseline 0.003 -18"><span class='ocrx_word' id='word_1_177' title='bbox 57 1777 176 1824; x_wconf 88' lang='lat' dir='ltr'>nullo</span> <span class='ocrx_word' id='word_1_178' title='bbox 193 1793 334 1822; x_wconf 85' lang='lat' dir='ltr'>errore</span> <span class='ocrx_word' id='word_1_179' title='bbox 360 1775 575 1820; x_wconf 86' lang='lat' dir='ltr'>fallamur.</span> <span class='ocrx_word' id='word_1_180' title='bbox 603 1775 712 1819; x_wconf 67' lang='lat' dir='ltr'>Nam</span> <span class='ocrx_word' id='word_1_181' title='bbox 737 1775 770 1819; x_wconf 89' lang='lat' dir='ltr'>si</span> <span class='ocrx_word' id='word_1_182' title='bbox 799 1793 942 1822; x_wconf 82' lang='lat' dir='ltr'>causae</span> <span class='ocrx_word' id='word_1_183' title='bbox 955 1779 1255 1841; x_wconf 87' lang='lat' dir='ltr'>corporalium</span> <span class='ocrx_word' id='word_1_184' title='bbox 1280 1782 1444 1827; x_wconf 89' lang='lat' dir='ltr'>motio-</span> 
     </span>
     <span class='ocr_line' id='line_1_25' title="bbox 59 1844 1445 1914; baseline 0.002 -21"><span class='ocrx_word' id='word_1_185' title='bbox 59 1865 165 1893; x_wconf 87' lang='lat' dir='ltr'>num</span> <span class='ocrx_word' id='word_1_186' title='bbox 190 1845 420 1892; x_wconf 82' lang='lat' dir='ltr'>noscendae</span> <span class='ocrx_word' id='word_1_187' title='bbox 455 1844 582 1889; x_wconf 88' lang='lat' dir='ltr'>nobis</span> <span class='ocrx_word' id='word_1_188' title='bbox 608 1855 745 1889; x_wconf 84' lang='lat' dir='ltr'>essent</span> <span class='ocrx_word' id='word_1_189' title='bbox 761 1882 771 1900; x_wconf 74' lang='grc'>,</span> <span class='ocrx_word' id='word_1_190' title='bbox 796 1845 939 1891; x_wconf 89' lang='lat' dir='ltr'>nullas</span> <span class='ocrx_word' id='word_1_191' title='bbox 958 1849 1093 1907; x_wconf 80' lang='lat' dir='ltr'>magis</span> <span class='ocrx_word' id='word_1_192' title='bbox 1118 1867 1265 1906; x_wconf 84' lang='lat' dir='ltr'>nosse,</span> <span class='ocrx_word' id='word_1_193' title='bbox 1311 1869 1445 1914; x_wconf 88' lang='lat' dir='ltr'>quam</span> 
     </span>
     <span class='ocr_line' id='line_1_26' title="bbox 60 1915 1447 1980; baseline 0.003 -16"><span class='ocrx_word' id='word_1_194' title='bbox 60 1929 219 1964; x_wconf 85' lang='lat' dir='ltr'>nostrae</span> <span class='ocrx_word' id='word_1_195' title='bbox 231 1915 492 1962; x_wconf 83' lang='lat' dir='ltr'>valetudinis</span> <span class='ocrx_word' id='word_1_196' title='bbox 504 1915 772 1962; x_wconf 74' lang='lat' dir='ltr'>deberemus</span> <span class='ocrx_word' id='word_1_197' title='bbox 792 1918 905 1962; x_wconf 84' lang='lat' dir='ltr'>Cum</span> <span class='ocrx_word' id='word_1_198' title='bbox 923 1935 1022 1964; x_wconf 89' lang='lat' dir='ltr'>vero</span> <span class='ocrx_word' id='word_1_199' title='bbox 1036 1920 1093 1965; x_wconf 89' lang='lat' dir='ltr'>eis</span> <span class='ocrx_word' id='word_1_200' title='bbox 1105 1921 1328 1980; x_wconf 80' lang='lat' dir='ltr'>ignoratis,</span> <span class='ocrx_word' id='word_1_201' title='bbox 1349 1940 1447 1968; x_wconf 89' lang='lat' dir='ltr'>me-</span> 
     </span>
     <span class='ocr_line' id='line_1_27' title="bbox 60 1986 1450 2050; baseline 0.004 -16"><span class='ocrx_word' id='word_1_202' title='bbox 60 1989 180 2034; x_wconf 87' lang='lat' dir='ltr'>dicos</span> <span class='ocrx_word' id='word_1_203' title='bbox 213 1987 449 2050; x_wconf 83' lang='lat' dir='ltr'>quaerimus</span> <span class='ocrx_word' id='word_1_204' title='bbox 481 1986 578 2048; x_wconf 92' lang='lat' dir='ltr'>quis</span> <span class='ocrx_word' id='word_1_205' title='bbox 600 2003 689 2031; x_wconf 90' lang='lat' dir='ltr'>non</span> <span class='ocrx_word' id='word_1_206' title='bbox 708 1986 852 2032; x_wconf 83' lang='lat' dir='ltr'>videat</span> <span class='ocrx_word' id='word_1_207' title='bbox 877 1989 996 2050; x_wconf 89' lang='lat' dir='ltr'>quod</span> <span class='ocrx_word' id='word_1_208' title='bbox 1019 1989 1072 2035; x_wconf 91' lang='lat' dir='ltr'>de</span> <span class='ocrx_word' id='word_1_209' title='bbox 1097 1993 1265 2038; x_wconf 73' lang='lat' dir='ltr'>secretis</span> <span class='ocrx_word' id='word_1_210' title='bbox 1289 1993 1391 2038; x_wconf 88' lang='lat' dir='ltr'>coeli</span> <span class='ocrx_word' id='word_1_211' title='bbox 1407 2004 1450 2038; x_wconf 77' lang='lat' dir='ltr'>et</span> 
     </span>
     <span class='ocr_line' id='line_1_28' title="bbox 63 2053 1445 2120; baseline 0.004 -16"><span class='ocrx_word' id='word_1_212' title='bbox 63 2070 185 2104; x_wconf 89' lang='lat' dir='ltr'>terrae</span> <span class='ocrx_word' id='word_1_213' title='bbox 204 2075 283 2103; x_wconf 85' lang='lat' dir='ltr'>nos</span> <span class='ocrx_word' id='word_1_214' title='bbox 308 2057 412 2102; x_wconf 88' lang='lat' dir='ltr'>latet</span> <span class='ocrx_word' id='word_1_215' title='bbox 428 2094 438 2112; x_wconf 75' lang='grc'><em>,</em></span> <span class='ocrx_word' id='word_1_216' title='bbox 460 2067 625 2120; x_wconf 87' lang='lat' dir='ltr'>quanta</span> <span class='ocrx_word' id='word_1_217' title='bbox 649 2057 703 2101; x_wconf 90' lang='lat' dir='ltr'>sit</span> <span class='ocrx_word' id='word_1_218' title='bbox 725 2058 935 2119; x_wconf 82' lang='lat' dir='ltr'>patientia</span> <span class='ocrx_word' id='word_1_219' title='bbox 952 2053 1445 2120; x_wconf 61' lang='lat' dir='ltr'>nesciendumeuam-</span> 
     </span>
     <span class='ocr_line' id='line_1_29' title="bbox 59 2128 1444 2189; baseline 0.004 -15"><span class='ocrx_word' id='word_1_220' title='bbox 59 2129 122 2174; x_wconf 75' lang='lat' dir='ltr'>vis</span> <span class='ocrx_word' id='word_1_221' title='bbox 137 2128 251 2174; x_wconf 86' lang='lat' dir='ltr'>enim</span> <span class='ocrx_word' id='word_1_222' title='bbox 274 2144 392 2172; x_wconf 89' lang='lat' dir='ltr'>error</span> <span class='ocrx_word' id='word_1_223' title='bbox 409 2136 572 2189; x_wconf 81' lang='lat' dir='ltr'>quanta</span> <span class='ocrx_word' id='word_1_224' title='bbox 595 2143 826 2188; x_wconf 84' lang='lat' dir='ltr'>possumus</span> <span class='ocrx_word' id='word_1_225' title='bbox 844 2145 948 2174; x_wconf 84' lang='lat' dir='ltr'>cura</span> <span class='ocrx_word' id='word_1_226' title='bbox 967 2131 1186 2177; x_wconf 81' lang='lat' dir='ltr'>cavendus</span> <span class='ocrx_word' id='word_1_227' title='bbox 1199 2133 1255 2178; x_wconf 89' lang='lat' dir='ltr'>sit</span> <span class='ocrx_word' id='word_1_228' title='bbox 1274 2151 1364 2178; x_wconf 89' lang='lat' dir='ltr'>non</span> <span class='ocrx_word' id='word_1_229' title='bbox 1378 2151 1444 2179; x_wconf 87' lang='lat' dir='ltr'>so-</span> 
     </span>
     <span class='ocr_line' id='line_1_30' title="bbox 59 2197 1454 2260; baseline 0.004 -16"><span class='ocrx_word' id='word_1_230' title='bbox 59 2200 148 2244; x_wconf 88' lang='lat' dir='ltr'>lum</span> <span class='ocrx_word' id='word_1_231' title='bbox 175 2199 221 2244; x_wconf 91' lang='lat' dir='ltr'>in</span> <span class='ocrx_word' id='word_1_232' title='bbox 240 2197 481 2257; x_wconf 88' lang='lat' dir='ltr'>majoribus</span> <span class='ocrx_word' id='word_1_233' title='bbox 500 2233 510 2251; x_wconf 82' lang='lat'>,</span> <span class='ocrx_word' id='word_1_234' title='bbox 549 2198 833 2243; x_wconf 73' lang='lat' dir='ltr'>verumetiam</span> <span class='ocrx_word' id='word_1_235' title='bbox 861 2199 907 2244; x_wconf 89' lang='lat' dir='ltr'>in</span> <span class='ocrx_word' id='word_1_236' title='bbox 935 2200 1184 2247; x_wconf 86' lang='lat' dir='ltr'>minoribus</span> <span class='ocrx_word' id='word_1_237' title='bbox 1203 2203 1360 2260; x_wconf 76' lang='lat' dir='ltr'>rebus,</span> <span class='ocrx_word' id='word_1_238' title='bbox 1375 2221 1454 2249; x_wconf 88' lang='lat' dir='ltr'>nec</span> 
     </span>
     <span class='ocr_line' id='line_1_31' title="bbox 59 2267 1447 2330; baseline 0.004 -15"><span class='ocrx_word' id='word_1_239' title='bbox 59 2270 139 2315; x_wconf 90' lang='lat' dir='ltr'>nisi</span> <span class='ocrx_word' id='word_1_240' title='bbox 156 2285 298 2314; x_wconf 86' lang='lat' dir='ltr'>rerum</span> <span class='ocrx_word' id='word_1_241' title='bbox 335 2267 579 2327; x_wconf 82' lang='lat' dir='ltr'>ignorantia</span> <span class='ocrx_word' id='word_1_242' title='bbox 601 2268 738 2330; x_wconf 84' lang='lat' dir='ltr'>possit</span> <span class='ocrx_word' id='word_1_243' title='bbox 759 2270 917 2314; x_wconf 86' lang='lat' dir='ltr'>errari:</span> <span class='ocrx_word' id='word_1_244' title='bbox 947 2288 1037 2316; x_wconf 88' lang='lat' dir='ltr'>non</span> <span class='ocrx_word' id='word_1_245' title='bbox 1060 2283 1122 2317; x_wconf 88' lang='lat' dir='ltr'>est</span> <span class='ocrx_word' id='word_1_246' title='bbox 1158 2284 1314 2319; x_wconf 88' lang='lat' dir='ltr'>tamen</span> <span class='ocrx_word' id='word_1_247' title='bbox 1345 2291 1447 2319; x_wconf 90' lang='lat' dir='ltr'>con-</span> 
     </span>
     <span class='ocr_line' id='line_1_32' title="bbox 62 2337 1450 2404; baseline 0.004 -20"><span class='ocrx_word' id='word_1_248' title='bbox 62 2355 265 2401; x_wconf 84' lang='lat' dir='ltr'>sequens,</span> <span class='ocrx_word' id='word_1_249' title='bbox 303 2347 351 2382; x_wconf 88' lang='lat' dir='ltr'>ut</span> <span class='ocrx_word' id='word_1_250' title='bbox 384 2337 592 2382; x_wconf 89' lang='lat' dir='ltr'>continuo</span> <span class='ocrx_word' id='word_1_251' title='bbox 617 2348 726 2382; x_wconf 82' lang='lat' dir='ltr'>erret</span> <span class='ocrx_word' id='word_1_252' title='bbox 748 2339 943 2402; x_wconf 86' lang='lat' dir='ltr'>quisquis</span> <span class='ocrx_word' id='word_1_253' title='bbox 975 2340 1140 2404; x_wconf 89' lang='lat' dir='ltr'>aliquid</span> <span class='ocrx_word' id='word_1_254' title='bbox 1176 2343 1335 2397; x_wconf 80' lang='lat' dir='ltr'>nescit3</span> <span class='ocrx_word' id='word_1_255' title='bbox 1376 2343 1450 2389; x_wconf 90' lang='lat' dir='ltr'>sed</span> 
     </span>
     <span class='ocr_line' id='line_1_33' title="bbox 60 2407 1452 2477; baseline 0.005 -24"><span class='ocrx_word' id='word_1_256' title='bbox 60 2408 257 2473; x_wconf 88' lang='lat' dir='ltr'>quisquis</span> <span class='ocrx_word' id='word_1_257' title='bbox 281 2425 322 2453; x_wconf 88' lang='lat' dir='ltr'>se</span> <span class='ocrx_word' id='word_1_258' title='bbox 342 2407 554 2452; x_wconf 87' lang='lat' dir='ltr'>existimat</span> <span class='ocrx_word' id='word_1_259' title='bbox 577 2408 684 2453; x_wconf 88' lang='lat' dir='ltr'>scire</span> <span class='ocrx_word' id='word_1_260' title='bbox 710 2409 829 2472; x_wconf 88' lang='lat' dir='ltr'>quod</span> <span class='ocrx_word' id='word_1_261' title='bbox 862 2412 1023 2456; x_wconf 87' lang='lat' dir='ltr'>nescit:</span> <span class='ocrx_word' id='word_1_262' title='bbox 1047 2430 1131 2476; x_wconf 90' lang='lat' dir='ltr'>pro</span> <span class='ocrx_word' id='word_1_263' title='bbox 1149 2430 1250 2459; x_wconf 83' lang='lat' dir='ltr'>vero</span> <span class='ocrx_word' id='word_1_264' title='bbox 1284 2414 1452 2477; x_wconf 85' lang='lat' dir='ltr'>quippe</span> 
     </span>
     <span class='ocr_line' id='line_1_34' title="bbox 65 2477 1451 2546; baseline 0.004 -22"><span class='ocrx_word' id='word_1_265' title='bbox 65 2479 284 2542; x_wconf 83' lang='lat' dir='ltr'>approbat</span> <span class='ocrx_word' id='word_1_266' title='bbox 310 2477 463 2523; x_wconf 82' lang='lat' dir='ltr'>falsum</span> <span class='ocrx_word' id='word_1_267' title='bbox 480 2515 491 2534; x_wconf 80' lang='grc'><em>,</em></span> <span class='ocrx_word' id='word_1_268' title='bbox 515 2478 634 2540; x_wconf 89' lang='lat' dir='ltr'>quod</span> <span class='ocrx_word' id='word_1_269' title='bbox 655 2489 717 2523; x_wconf 88' lang='lat' dir='ltr'>est</span> <span class='ocrx_word' id='word_1_270' title='bbox 752 2481 907 2526; x_wconf 86' lang='lat' dir='ltr'>erroris</span> <span class='ocrx_word' id='word_1_271' title='bbox 938 2483 1183 2546; x_wconf 87' lang='lat' dir='ltr'>proprium.</span> <span class='ocrx_word' id='word_1_272' title='bbox 1218 2485 1451 2529; x_wconf 85' lang='lat' dir='ltr'>Verumta-</span> 
     </span>
    </p>
   </div>
   <div class='ocr_carea' id='block_1_10' title="bbox 63 2549 1454 2675">
    <p class='ocr_par' dir='ltr' id='par_1_11' title="bbox 63 2549 1454 2675">
     <span class='ocr_line' id='line_1_35' title="bbox 63 2549 1454 2616; baseline 0.004 -22"><span class='ocrx_word' id='word_1_273' title='bbox 63 2565 162 2594; x_wconf 87' lang='lat' dir='ltr'>men</span> <span class='ocrx_word' id='word_1_274' title='bbox 180 2549 225 2593; x_wconf 92' lang='lat' dir='ltr'>in</span> <span class='ocrx_word' id='word_1_275' title='bbox 250 2565 335 2611; x_wconf 87' lang='lat' dir='ltr'>qua</span> <span class='ocrx_word' id='word_1_276' title='bbox 349 2565 393 2593; x_wconf 91' lang='lat' dir='ltr'>re</span> <span class='ocrx_word' id='word_1_277' title='bbox 412 2549 596 2612; x_wconf 88' lang='lat' dir='ltr'>quisque</span> <span class='ocrx_word' id='word_1_278' title='bbox 621 2560 756 2605; x_wconf 84' lang='lat' dir='ltr'>erret,</span> <span class='ocrx_word' id='word_1_279' title='bbox 777 2550 951 2597; x_wconf 87' lang='lat' dir='ltr'>interest</span> <span class='ocrx_word' id='word_1_280' title='bbox 976 2552 1231 2616; x_wconf 87' lang='lat' dir='ltr'>plurimum.</span> <span class='ocrx_word' id='word_1_281' title='bbox 1270 2554 1382 2599; x_wconf 70' lang='lat' dir='ltr'>Nam</span> <span class='ocrx_word' id='word_1_282' title='bbox 1407 2554 1454 2601; x_wconf 89' lang='lat' dir='ltr'>in</span> 
     </span>
     <span class='ocr_line' id='line_1_36' title="bbox 112 2629 907 2675; baseline 0.001 -12"><span class='ocrx_word' id='word_1_283' title='bbox 112 2632 122 2655; x_wconf 87' lang='lat'><strong>¹</strong></span> <span class='ocrx_word' id='word_1_284' title='bbox 141 2631 254 2663; x_wconf 73' lang='lat' dir='ltr'>Manli.</span> <span class='ocrx_word' id='word_1_285' title='bbox 273 2641 331 2668; x_wconf 72' lang='grc' dir='ltr'>ΧΠ,</span> <span class='ocrx_word' id='word_1_286' title='bbox 352 2633 406 2662; x_wconf 81' lang='grc'>33.</span> <span class='ocrx_word' id='word_1_287' title='bbox 420 2629 491 2655; x_wconf 75' lang='lat'>——2</span> <span class='ocrx_word' id='word_1_288' title='bbox 507 2630 622 2673; x_wconf 63' lang='lat' dir='ltr'>virgil.</span> <span class='ocrx_word' id='word_1_289' title='bbox 639 2634 755 2674; x_wconf 84' lang='lat' dir='ltr'>Georg.</span> <span class='ocrx_word' id='word_1_290' title='bbox 771 2644 809 2675; x_wconf 71' lang='lat'>11,</span> <span class='ocrx_word' id='word_1_291' title='bbox 831 2640 907 2673; x_wconf 75' lang='lat'>490,</span> 
     </span>
    </p>
   </div>
  </div>
 </body>
</html>
