1758 3246
305 304 398 367 490
725 323 759 355 s.
801 315 1046 356 AUGUSTINI
1081 322 1285 353 muscori

303 384 374 430 dia
398 395 675 449 perpetrare:
708 399 749 434 et
788 400 934 441 tamen
953 387 1122 449 gravius
1155 399 1216 434 est
1238 388 1479 436 adulterare
1508 391 1673 438 miseri-

308 455 455 501 cordia
473 494 484 511 ,
505 474 637 521 quam
655 457 788 506 furari
815 461 1007 506 avaritia.
1042 460 1190 523 Neque
1209 477 1325 506 nunc
1342 461 1482 521 agitur
1496 461 1601 525 quid
1627 463 1680 508 sit

304 525 440 572 levius
460 527 547 572 sive
565 530 755 588 gravius,
795 532 866 577 sed
893 547 992 595 quae
1021 531 1105 575 sint
1139 540 1316 592 peccata
1354 531 1423 576 vel
1456 549 1546 577 non
1576 532 1673 580 siut.

307 598 445 643 Nemo
470 598 584 645 enim
623 600 776 646 dixerit
819 601 1016 648 debuisse
1052 601 1252 664 peccari,
1280 601 1357 647 ubi
1391 613 1562 648 constat
1596 621 1682 649 esse

304 679 563 730 peccatum:
599 670 671 716 sed
696 670 852 721 debere
889 671 1074 717 dicimus
1090 707 1101 728 ‚
1139 670 1174 716 si
1196 671 1256 716 ita
1277 671 1424 718 velita
1449 683 1681 737 peccatum

309 747 371 783 est
388 774 398 792 ‚
425 738 587 798 ignosci
607 740 674 786 vel
697 759 786 788 non
803 742 980 803 ignosci.

370 808 467 855 XX.
500 809 659 856 Verum
675 848 686 867 ,
710 812 827 875 quod
851 811 1077 858 fatendum
1102 821 1164 856 est
1198 810 1257 856 ita
1280 811 1496 858 humanos
1518 816 1684 861 animos

308 877 510 941 quaedam
536 883 861 944 compensativa
883 892 1063 946 peccata
1078 881 1362 945 perturbant,
1387 893 1435 927 ut
1455 883 1582 928 etiam
1602 902 1682 948 pu-

308 958 454 993 tentur
476 948 633 996 debere
656 950 851 1006 laudari,
897 969 946 998 ac
980 952 1126 1015 potius
1165 961 1278 996 recte
1315 951 1429 997 facta
1461 952 1677 1001 dicantur.

309 1018 418 1074 Quis
449 1020 562 1066 enim
581 1020 753 1068 dubitet
772 1040 857 1068 esse
888 1021 1048 1083 grande
1071 1032 1299 1085 peccatum
1319 1058 1329 1075 ‚
1358 1021 1390 1067 si
1424 1033 1549 1086 pater
1577 1024 1686 1069 filias

310 1106 406 1135 suas
452 1092 690 1154 prostituat
730 1092 1094 1139 fornicationibus
1135 1092 1402 1156 impiorum?
1445 1094 1501 1138 Et
1542 1103 1688 1140 tamen

306 1160 445 1206 extitit
462 1178 590 1206 causa
607 1179 692 1225 qua
711 1163 797 1209 hoc
818 1164 885 1208 vir
900 1167 1043 1223 justus
1064 1162 1220 1208 debere
1241 1179 1282 1207 se
1304 1162 1441 1208 facere
1471 1163 1688 1209 existima—

309 1241 395 1286 ret,
434 1231 613 1294 quando
641 1233 880 1279 Sodomitae
905 1233 1066 1278 nefario
1088 1232 1283 1277 libidinis
1301 1233 1467 1295 impetu
1497 1234 1689 1298 hospiti-

306 1300 389 1346 bus
430 1305 521 1361 ejus
568 1303 805 1349 irruebant.
858 1303 925 1348 Ait
947 1303 1061 1348 enirn
1086 1320 1096 1347 :
1123 1302 1271 1347 «Sunt
1307 1303 1417 1347 mihi
1456 1303 1557 1349 dua*
1587 1305 1690 1350 filiae

309 1393 329 1413 ›>
353 1367 453 1436 quae
475 1389 559 1417 non
582 1385 880 1433 cognoverunt
903 1374 1045 1418 virum
1063 1410 1072 1428 ‚
1105 1372 1349 1435 producam
1389 1373 1483 1419 illas
1504 1374 1559 1419 ad
1577 1392 1653 1420 vos
1672 1412 1682 1421 .

311 1462 332 1483 n
355 1452 396 1488 et
418 1442 592 1488 utimini
609 1443 666 1488 eis
680 1443 904 1507 quomodo
924 1443 1137 1506 placuerit
1157 1442 1305 1495 vobis3
1322 1453 1492 1489 tantum
1512 1444 1556 1489 in
1577 1445 1689 1490 viros

312 1529 332 1554 »·
370 1513 471 1559 istos
494 1530 547 1559 ne
572 1513 741 1560 faciatis
761 1514 988 1580 iniquum,
1017 1524 1250 1578 propterea
1282 1515 1383 1577 quia
1418 1514 1691 1561 intraverunt

308 1605 328 1626 >2
348 1584 429 1629 sub
452 1595 616 1631 tectum
639 1585 858 1646 tignorum
882 1601 1080 1631 meorum
1095 1583 1128 1632 1.
1155 1606 1176 1626 >>
1203 1584 1325 1642 Quid
1356 1584 1430 1631 hic
1461 1585 1690 1633 dicemus?

311 1655 464 1700 Nonne
488 1655 547 1701 ita
570 1655 680 1702 illud
709 1656 846 1703 scelus
881 1655 1002 1720 quod
1036 1655 1274 1701 Sodomitae
1297 1654 1546 1719 hospitibus
1577 1655 1690 1702 illius

311 1725 392 1771 viri
409 1726 517 1786 justi
533 1725 674 1772 facere
692 1727 969 1773 conabantur
986 1726 1233 1782 horremus‚
1255 1736 1304 1771 ut
1325 1725 1546 1790 quidquid
1570 1727 1692 1772 fieret

310 1813 363 1842 ne
390 1796 477 1842 hoc
491 1797 610 1843 fieret
625 1835 635 1854 ‚
659 1798 921 1844 arbitremur
944 1796 1072 1844 fuisse
1087 1796 1335 1842 faciendum
1353 1799 1372 1842 ἶ)
1396 1798 1541 1842 Movet
1559 1798 1689 1843 etiam

310 1867 492 1913 maxime
511 1885 695 1932 persona
715 1867 929 1925 facientis,
954 1885 1053 1932 quae
1068 1868 1220 1913 merito
1230 1867 1409 1927 justitiae
1421 1866 1691 1913 liberabatur

309 1956 331 1983 a
352 1937 550 1984 Sodomis
575 1949 653 1984 :ut
671 1939 879 2004 quoniam
902 1938 1047 1984 minus
1069 1937 1232 1983 malum
1247 1947 1309 1983 est
1333 1936 1534 1982 foeminas
1559 1953 1690 2001 quam

306 2008 421 2055 Viros
444 2009 611 2072 perpeti
634 2019 854 2074 stuprum,
882 2010 1010 2055 etiam
1030 2008 1118 2054 hoc
1143 2007 1196 2054 ad
1211 2007 1425 2068 justitiam
1440 2008 1555 2054 Justi
1574 2008 1690 2053 illius

308 2079 563 2142 pertinuisse
601 2079 774 2126 dicatur
799 2099 808 2126 :
847 2079 966 2144 quod
1002 2079 1049 2125 in
1082 2078 1258 2125 filiabus
1295 2078 1382 2124 hoc
1419 2078 1574 2125 maluit
1598 2077 1691 2124 fieri

310 2167 442 2213 quam
466 2151 512 2196 in
537 2150 787 2214 hospitibus
826 2153 942 2205 suis3
978 2168 1066 2197 non
1086 2161 1256 2195 tantum
1286 2149 1332 2195 id
1351 2149 1500 2196 volens
1518 2149 1660 2195 animo
1676 2187 1686 2206 ,

309 2238 460 2268 Verum
484 2232 526 2267 et
547 2222 724 2267 offerens
742 2223 894 2278 verbo,
923 2232 964 2267 ct
988 2223 1022 2268 si
1040 2221 1104 2267 illi
1122 2220 1275 2266 assensi
1295 2220 1472 2266 fuissent
1487 2219 1691 2284 impletu-

312 2309 386 2338 rus
402 2302 441 2337 et
462 2291 592 2339 facto.
621 2292 706 2338 Sed
728 2293 761 2338 si
797 2292 912 2339 hanc
937 2292 1129 2357 peccatis
1167 2290 1462 2356 aperuerimus
1478 2291 1617 2344 viam;
1644 2299 1692 2335 ut

313 2364 641 2411 committamus
679 2365 850 2411 minora
889 2382 942 2410 ne
969 2364 1041 2411 alii
1063 2367 1224 2424 majora
1266 2363 1566 2415 committant3
1603 2361 1692 2407 lato

311 2434 473 2491 limite,
495 2435 582 2481 imo
599 2435 720 2481 nullo
745 2436 905 2492 limite,
944 2436 1016 2482 sed
1041 2434 1256 2482 convulsis
1280 2444 1321 2479 et
1348 2433 1524 2479 remotis
1548 2432 1692 2478 omni-

308 2506 391 2552 bus
416 2506 614 2552 terminis
638 2506 809 2552 infinito
833 2507 972 2570 spatio
996 2515 1154 2552 cuncta
1187 2504 1417 2550 intrabunt
1441 2513 1570 2566 atque
1592 2518 1692 2562 reg—

310 2577 494 2623 nabunt.
538 2576 727 2634 Quando
759 2577 873 2624 enim
903 2577 1033 2624 fuerit
1055 2576 1284 2623 definitum
1308 2572 1584 2640 peccandum
1607 2588 1693 2618 esse

360 2660 371 2683 ¹
392 2663 474 2694 Gen.
495 2672 562 2701 xix,
583 2664 613 2700 8,
630 2675 661 2704 9.
