1758 3246
310 328 401 358 210
714 321 748 354 S.
792 319 1032 353 AUGUSTINI
1067 320 1269 352 EPISCOPI

307 389 579 449 exiguitatem
599 396 791 433 nostram
815 388 898 432 sul)
923 387 1031 432 tanti
1053 386 1259 450 ponderis
1283 386 1450 431 sarcina
1467 385 1538 431 ille
1557 387 1680 444 cujus

306 459 405 504 haec
443 458 580 504 virtus
608 475 815 517 magnum
843 474 1000 502 munus
1041 467 1128 513 est,
1172 456 1412 515 adiuvabit.
1460 456 1570 500 Nam
1607 455 1683 518 qui

306 546 400 574 eam
425 527 559 573 donat
582 527 906 573 continentibus
933 525 1138 571 fidelibus
1163 525 1248 570 suis
1267 562 1277 581 ,
1304 525 1396 587 ipse
1417 524 1492 569 dat
1515 541 1682 569 sermo-

305 616 404 645 nem
435 597 488 643 de
516 597 590 643 illa
620 597 900 660 loquentibus
943 596 1147 642 ministris
1184 595 1285 640 suis.
1327 594 1521 656 Denique
1555 593 1608 639 de
1640 611 1684 638 re

306 680 454 726 tanta,
491 668 611 732 quod
649 669 741 731 ipse
769 667 966 723 dederit,
1012 665 1227 720 locuturi,
1267 664 1347 708 Dei
1388 663 1556 709 donum
1599 681 1685 709 esse

309 738 621 786 continentiam
658 737 852 800 primum
893 737 1079 782 dicimus
1118 746 1159 780 et
1196 734 1450 797 probamus.
1485 735 1537 778 In
1570 733 1685 779 libro

308 808 543 871 Sapientiae
567 807 779 869 scriptum
801 807 1040 861 habemus,
1074 805 1155 850 nisi
1185 806 1301 849 Deus
1331 803 1427 858 det,
1456 804 1686 850 continen-
1751 844 1754 858 ,

308 889 395 922 tem
418 894 504 922 esse
529 877 746 922 neminem
781 875 944 938 possel.
984 875 1196 920 Dominus
1224 884 1369 918 autem
1397 873 1450 918 de
1479 874 1572 937 ipsa
1591 891 1688 918 ma-
1752 871 1755 922 ξ

301 951 396 1007 jore
419 957 460 991 et
481 946 728 1006 gloriosiore
763 946 1058 999 continentia,
1089 962 1175 1007 qua
1210 961 1234 988 a
1268 942 1487 1002 conjugali
1512 943 1688 989 vinculo

310 1017 574 1071 continetur,
601 1017 661 1060 ait
683 1033 693 1059 ε
724 1036 743 1056 α
767 1017 866 1061 Non
893 1033 1039 1061 omnes
1065 1015 1247 1078 capiunt
1272 1015 1455 1059 verbum
1479 1013 1566 1058 hoc
1582 1050 1593 1069 ,
1618 1013 1691 1058 sed
1752 1047 1755 1079 2

310 1108 330 1128 ))
352 1085 516 1149 quibus
533 1085 687 1130 datum
713 1085 820 1131 est2.
845 1107 865 1126 ³>
892 1087 948 1130 Et
967 1085 1175 1148 qnoniam
1208 1084 1301 1146 ipsa
1319 1099 1492 1146 quoque
1519 1083 1691 1128 castitas

310 1155 577 1215 coniugalis,
610 1155 692 1200 nisi
726 1156 1002 1200 contineatur
1033 1155 1089 1200 ab
1122 1153 1274 1199 illicito
1303 1153 1544 1198 concubitu
1563 1190 1574 1209 ‚
1604 1169 1692 1198 non

310 1235 453 1289 potest
487 1224 723 1278 custodiri3
764 1235 998 1288 utrumque
1034 1223 1267 1287 Apostolus
1299 1222 1465 1267 donum
1496 1223 1575 1267 Dei
1607 1239 1693 1267 esse

312 1295 573 1360 praedicavit
594 1332 604 1350 ,
632 1312 735 1340 Cum
759 1294 812 1340 de
843 1296 932 1340 vita
965 1306 1148 1358 utraque
1164 1331 1174 1349 ,
1202 1293 1247 1338 id
1267 1304 1355 1348 cst,
1387 1303 1429 1337 et
1447 1292 1690 1352 conjugali,

313 1377 356 1412 et
381 1383 430 1411 ea
453 1381 554 1428 quae
572 1375 635 1409 est
659 1365 748 1410 sine
775 1366 979 1424 conjugio
997 1403 1007 1422 ‚
1035 1366 1310 1427 loqueretur,
1338 1362 1484 1407 dicens
1508 1380 1518 1406 :
1547 1384 1566 1403 α
1589 1361 1695 1406 Vel--

313 1458 334 1478 »
354 1435 439 1481 lem
463 1451 610 1479 omnes
628 1434 827 1479 homines
846 1435 906 1479 sic
937 1452 1023 1480 esse
1045 1436 1156 1480 sicut
1175 1450 1241 1478 mc
1270 1433 1413 1495 ipsum
1435 1450 1445 1477 :
1473 1432 1546 1477 sed
1566 1450 1695 1478 unus-

317 1528 337 1548 »
356 1506 540 1568 quisque
565 1505 798 1567 proprium
824 1504 990 1549 donum
1009 1505 1146 1550 habet
1170 1522 1192 1549 a
1212 1506 1302 1548 Deo
1316 1540 1327 1558 ,
1349 1503 1456 1548 alius
1476 1503 1536 1549 sic
1555 1540 1566 1558 ‚
1591 1503 1698 1550 alius

320 1598 342 1618 »
361 1586 503 1620 autem
523 1591 583 1619 Sic
597 1585 630 1620 ⁰.
655 1597 676 1616 »

385 1646 444 1691 ll.
487 1645 543 1689 Et
572 1661 625 1689 ne
649 1645 693 1690 in
722 1645 811 1690 sola
840 1644 1093 1691 inferiorum
1128 1645 1321 1708 partium
1354 1643 1494 1689 carnis
1514 1643 1699 1689 libidine

318 1715 585 1763 continentia
624 1717 861 1761 necessaria
905 1717 1123 1762 videretur
1165 1735 1187 1761 a
1229 1717 1417 1761 Domino
1457 1715 1697 1778 speranda,

319 1788 447 1833 etiam
468 1786 514 1830 in
534 1786 707 1831 Psalmo
725 1788 895 1832 canitur
919 1805 930 1832 ε
957 1809 976 1829 «
999 1790 1136 1844 Pone,
1156 1788 1360 1837 Domine,
1378 1785 1624 1831 custodiam
1639 1786 1703 1831 ori

324 1874 459 1902 »meo
482 1867 525 1901 et
561 1857 719 1902 ostium
757 1858 1039 1903 continentiae
1074 1858 1241 1903 circum
1271 1856 1387 1901 labia
1421 1855 1559 1901 mea4.
1593 1876 1613 1896 ›>
1648 1855 1703 1899 In

325 1928 413 1973 hoc
449 1935 593 1971 autem
630 1926 768 1972 divini
797 1927 960 1990 eloquii
985 1928 1257 1974 testimonio.
1291 1927 1323 1971 si
1353 1943 1398 1971 os
1417 1924 1706 1984 intelligamus

325 1997 436 2042 sicut
455 1995 690 2055 intelligere
707 1996 917 2042 debemus
932 2035 942 2053 ‚
963 1998 1025 2042 ibi
1047 1999 1186 2061 posita
1206 1995 1473 2043 continentia
1493 2004 1706 2057 quantum

328 2068 383 2112 sit
407 2066 486 2111 Dei
511 2083 668 2111 munus
700 2067 986 2126 agnoscimus.
1018 2068 1178 2113 Parum
1206 2078 1268 2112 est
1290 2067 1455 2129 quippe
1479 2081 1525 2109 os
1544 2081 1707 2127 corpo--

330 2136 387 2181 ris
411 2135 655 2191 continere,
688 2153 741 2180 ne
768 2135 934 2198 aliquid
962 2136 1062 2182 inde
1088 2137 1208 2200 quod
1236 2154 1321 2182 non
1341 2134 1514 2198 expedit
1535 2151 1613 2197 per
1635 2150 1708 2179 so-

333 2223 440 2251 num
466 2204 584 2251 vocis
605 2216 820 2267 erumpat.
861 2207 983 2250 intus
1013 2217 1074 2251 est
1094 2208 1209 2252 enim
1240 2225 1284 2252 os
1316 2205 1485 2261 cordis,
1516 2203 1596 2248 ubi
1626 2203 1708 2248 sibi

333 2275 576 2322 custodiam
601 2286 642 2320 ct
662 2276 820 2320 ostium
854 2277 1130 2322 continentiae
1154 2278 1258 2339 poni
1287 2274 1545 2321 desideravit
1571 2291 1594 2318 a
1616 2274 1710 2318 Do-

332 2347 451 2392 mino
465 2383 476 2403 ‚
501 2346 578 2409 qui
598 2347 730 2391 verba
753 2346 826 2391 illa
847 2346 972 2403 dixit,
993 2348 1204 2410 nobisque
1228 2346 1413 2393 dicenda
1433 2344 1704 2406 conscripsit.

331 2415 474 2463 Multa
498 2416 609 2461 enim
638 2416 831 2479 corporis
856 2433 928 2461 ore
951 2434 1038 2462 non
1069 2417 1281 2472 dicimus,
1309 2427 1351 2461 et
1383 2413 1513 2460 corde
1545 2413 1713 2458 clama-

330 2503 425 2532 mus
448 2504 458 2531 :
488 2485 657 2531 nullum
682 2497 825 2531 autem
849 2486 1048 2549 procedit
1072 2487 1130 2531 rei
1156 2486 1338 2546 alian'us
1359 2504 1405 2531 cx
1427 2501 1498 2530 ore
1514 2482 1709 2546 corporis
1747 2494 1751 2529 ἕ

328 2556 535 2613 verbum,
564 2559 687 2616 cujus
720 2567 781 2601 est
808 2557 850 2601 in
877 2555 1007 2602 corde
1032 2556 1262 2602 silentium.
1295 2555 1402 2601 Inde
1425 2554 1558 2615 igitur
1585 2551 1712 2618 quod

374 2643 383 2664 ¹
405 2643 568 2687 Sap.v111‚
589 2651 644 2672 αι.
666 2658 707 2664 ——
723 2637 738 2661 ²
757 2638 870 2672 Manli.
885 2650 953 2677 iux,
979 2651 1028 2672 ιι.
1052 2659 1087 2663 —-
1109 2637 1122 2661 3
1148 2652 1159 2670 t
1183 2641 1257 2672 Cor.
1278 2650 1337 2684 vn,
1357 2651 1433 2680 7.-
1451 2636 1465 2661 ⁴
1484 2639 1565 2673 Psal.
1581 2650 1652 2678 cxn,
1676 2640 1708 2670 3·

1747 2399 1752 2541 ³

1746 2543 1751 2679 ἓ

1745 2683 1750 2829 3

1745 2833 1749 2880 ἑ

1744 2942 1749 2981 ἔ

1744 2991 1749 3063 Ξ

1744 3103 1748 3140 Ι
