1758 3246
291 282 381 341 472
708 290 742 318 s.
786 287 1028 317 Aucus'rmi
1064 287 1267 317 Episcom

291 358 397 403 dum
414 371 633 419 praeparo,
655 364 697 398 et
719 352 811 398 aliis
831 363 959 416 atque
982 351 1074 396 aliis
1096 353 1228 411 magis
1251 352 1504 412 urgentibus
1528 368 1656 398 occu-

291 425 545 489 pationibus
564 423 800 478 distrahor,
827 438 1020 468 emensus
1038 432 1097 466 est
1118 439 1270 477 annus,
1300 433 1428 484 atque
1447 423 1491 467 in
1506 439 1573 467 eas
1590 438 1658 467 me

293 495 476 541 detrusit
508 494 750 552 angustias,
785 503 835 537 ut
868 491 1277 554 quomodocumque
1300 492 1575 537 rescriberem
1607 508 1659 536 ne

290 564 503 610 arridente
531 567 624 622 jam
663 574 854 624 tempore
888 561 1139 619 navigandi,
1176 562 1434 623 perlatorem
1470 578 1658 607 remeare

290 637 538 696 cupientem
568 633 731 677 diutius
758 631 1005 676 detinerem.
1038 632 1190 692 ltaque
1209 631 1412 675 omnibus
1433 647 1532 693 quae
1552 630 1661 675 mihi

292 707 457 749 Leonas
484 703 560 747 Dei
586 701 772 746 famulus
797 701 873 744 abs
895 711 934 744 te
967 699 1128 754 attulit,
1156 711 1198 744 et
1217 717 1311 745 mox
1340 711 1387 745 ut
1410 717 1456 744 ea
1479 699 1658 762 sumpsi,

292 783 337 817 et
366 783 513 834 postea
546 787 645 815 cum
682 770 779 814 haec
804 769 967 813 dictare
994 773 1085 827 jam
1118 769 1290 823 vellem,
1326 768 1506 813 evolutis
1537 779 1664 831 atque

293 842 511 905 perlectis,
533 851 574 884 et
592 849 755 901 quanta
774 838 899 900 potui
919 837 1261 882 consideratione
1279 838 1516 900 perpensis,
1540 836 1665 882 valde

297 927 391 955 sum
411 920 485 954 tuo
504 909 740 954 delectatus
757 907 945 970 eloquio,
969 917 1010 951 et
1027 917 1272 951 sanctarum
1292 907 1493 950 memoria
1519 905 1666 968 Scrip-

297 991 519 1030 turarum,
551 978 798 1039 ingeniique
829 976 1016 1027 solertia,
1042 987 1083 1020 et
1119 975 1267 1020 dolore
1299 993 1386 1038 quo
1411 975 1667 1035 negligentes

296 1049 552 1094 Catliolicos
579 1048 764 1102 mordes,
799 1058 841 1092 et
867 1046 956 1091 zelo
983 1063 1070 1109 quo
1104 1046 1306 1091 adversus
1337 1045 1466 1090 etiam
1491 1045 1668 1091 latentes

298 1119 527 1165 haereucos
546 1117 728 1163 frendes.
760 1117 843 1162 Sed
869 1134 954 1161 11011
978 1116 1088 1160 1111111
1110 1116 1410 1178 persuadetur,
1437 1132 1506 1161 eos
1529 1115 1581 1161 de
1601 1115 1669 1162 la-

299 1189 433 1234 tebris
453 1188 538 1233 suis
564 1187 718 1232 nostris
739 1204 825 1231 esse
851 1185 1083 1230 mendaciis
1106 1185 1330 1232 eruendos.
1359 1187 1415 1230 [Vt
1433 1185 1540 1248 quid
1557 1186 1670 1231 enim

299 1275 370 1304 eos
400 1269 514 1303 tanta
537 1274 640 1302 cura
662 1256 869 1314 vestigare
895 1266 1022 1317 atque
1044 1255 1246 1313 indagare
1267 1272 1494 1310 conamur,
1523 1254 1603 1301 nisi
1624 1265 1671 1301 ut

301 1338 452 1390 captos
476 1328 521 1372 in
547 1337 829 1389 apertumque
854 1324 1093 1387 productos
1118 1335 1192 1370 aut
1215 1325 1343 1369 etiam
1368 1325 1483 1387 ipsos
1511 1326 1672 1371 verita-

301 1408 389 1443 tem
415 1398 663 1451 doceamus,
699 1406 775 1440 aut
804 1404 917 1439 certe
948 1394 1125 1438 veritate
1157 1394 1378 1439 convictos
1401 1411 1553 1439 nocere
1581 1393 1674 1439 aliis

302 1484 388 1512 non
413 1468 629 1512 sinamus?
651 1466 706 1510 ad
731 1465 816 1509 hoc
840 1481 957 1522 ergo,
981 1474 1029 1508 ut
1057 1481 1205 1508 eorum
1230 1464 1504 1510 mendacium
1526 1464 1673 1510 delea-

301 1547 392 1590 tur,
414 1537 500 1582 sive
517 1546 738 1589 caveatur,
762 1534 841 1578 Dei
862 1544 1004 1578 autem
1023 1534 1178 1579 veritas
1197 1545 1415 1593 augeatur.
1441 1534 1674 1590 Quomodo

297 1606 432 1665 igitur
460 1604 686 1650 mendacio
706 1603 930 1648 mendacia
954 1613 1069 1648 reete
1100 1615 1250 1666 potero
1281 1604 1514 1668 persequi?
1542 1607 1610 1651 An
1635 1614 1677 1650 et

301 1674 530 1720 latrocinio
555 1674 798 1738 latrocinia,
824 1684 865 1718 et
888 1673 1108 1732 sacrilegio
1134 1674 1372 1734 sacrilegia,
1399 1686 1441 1719 et
1464 1674 1675 1720 adulterio

303 1755 404 1790 sunt
439 1744 649 1790 adulteria
682 1743 1006 1806 persequenda?
1029 1764 1048 1783 «
1075 1743 1120 1788 Si
1156 1754 1295 1788 autem
1328 1744 1483 1790 veritas
1518 1744 1599 1789 Dei
1632 1745 1677 1790 in

301 1836 324 1857 »
346 1832 439 1860 11100
468 1814 694 1860 mendacio
719 1812 990 1865 abundabit,
1022 1834 1041 1853 »
1067 1813 1384 1876 numquidnam
1409 1825 1451 1859 et
1473 1831 1549 1859 nos
1581 1813 1677 1859 dic-

302 1886 391 1931 turi
415 1902 561 1930 sumus
583 1902 594 1929 ε
621 1906 639 1923 «
661 1883 887 1928 Faciamus
908 1881 1035 1936 mala,
1059 1893 1105 1927 ut
1127 1883 1301 1928 veniant
1324 1882 1481 1930 bona1.
1508 1906 1528 1924 »
1547 1883 1679 1939 Quod

301 1955 420 2000 vides
434 1952 805 2017 quemadmodum
823 1951 1056 1996 detestetur
1076 1953 1319 2014 Apostolus,
1346 1952 1464 2009 Quid
1483 1963 1545 1998 est
1564 1952 1680 1998 0111111

301 2023 449 2077 aliud,
479 2023 768 2077 Mentiamur,
800 2032 848 2066 ut
877 2021 1106 2066 haereticos
1132 2022 1357 2067 mendaces
1378 2022 1433 2067 ad
1458 2023 1679 2068 veritatem

300 2092 589 2146 adducamus,
631 2092 728 2146 nisi,
753 2092 1017 2137 «Faciamus
1055 2091 1182 2145 mala,
1213 2102 1260 2136 ut
1283 2094 1461 2138 veniant
1492 2093 1639 2138 bona?
1660 2114 1681 2133 »

302 2167 371 2209 An
392 2162 623 2226 aliquando
646 2163 812 2207 bonum
830 2172 891 2206 est
910 2162 1202 2213 mendacium„
1225 2163 1292 2208 vel
1311 2162 1544 2225 aliquando
1563 2179 1680 2208 men·

299 2234 473 2279 dacium
498 2249 583 2277 non
609 2242 669 2276 est
692 2231 880 2276 malum'.)
899 2234 990 2276 Cur
1005 2249 1104 2290 ergo
1124 2231 1334 2295 scriptum
1353 2243 1414 2277 est
1437 2249 1448 2276 ε
1469 2253 1489 2272 ι(
1509 2232 1677 2286 Odisti,

305 2327 326 2346 »
349 2303 551 2358 Domine,
564 2319 712 2347 omnes
730 2302 804 2364 qui
819 2303 1354 2364 01101111111111111111111310111,
1369 2302 1682 2365 perdesomnes

301 2397 322 2416 »
342 2374 417 2437 qui
442 2373 683 2435 loquuntur
710 2372 1046 2417 mendacium‘22q
1068 2394 1086 2412 »
1108 2373 1203 2417 Non
1228 2373 1342 2416 0111111
1366 2372 1533 2435 aliquos
1552 2389 1683 2417 exce-

300 2444 385 2506 pit,
407 2453 481 2487 aut
500 2442 724 2487 indefinite
738 2441 843 2485 dixit
863 2458 873 2484 ε
895 2462 914 2481 «
938 2441 1089 2486 Perdes
1105 2441 1326 2504 loquentes
1341 2441 1611 2486 mendacium
1631 2461 1642 2493 ;
1663 2462 1684 2482 »

304 2523 352 2559 ut
371 2511 601 2577 quosdam,
625 2528 713 2556 non
736 2528 882 2556 omnes
898 2511 1079 2571 intelligi
1101 2512 1283 2557 sineret:
1303 2511 1375 2558 sed
1399 2510 1681 2560 universalem

354 2595 364 2618 ¹
384 2598 475 2627 Rom.
498 2604 548 2625 111.
569 2606 598 2631 7.
621 2595 651 2625 8.
675 2591 748 2617 -2
766 2593 845 2625 Psat.
871 2604 902 2629 v,
920 2605 947 2630 7.
