1758 3246
407 292 460 322 nn
497 291 619 321 ΒοΝο
654 289 928 329 vmumffrls
968 289 1054 319 Lm.
1098 289 1128 318 1.
1368 271 1461 334 359

91 355 166 434 qui
190 355 331 402 unicae
353 372 546 434 sponsae,
568 359 693 415 cujus
722 354 917 400 membra
941 354 1060 403 estis
1088 352 1274 415 speciem
1301 368 1463 399 concu-

89 444 166 491 pn
167 438 232 479 1t
259 426 467 472 veraciter
483 426 611 471 simul
633 423 985 488 1›l1cet‹,‚sin1111l
1006 406 1081 467 inl]
1088 434 1240 476 {erete3
1266 423 1337 468 illa
1355 423 1462 468 inte-

90 498 244 557 gritate
260 497 491 556 virginali
524 508 572 542 tu
596 478 861 541 continentia
882 493 1079 544 xiduali
1105 494 1246 537 ambae
1264 493 1465 556 pulchri-

90 567 240 612 tudine
259 567 456 629 spiritali.
505 569 556 611 In
579 583 664 631 qua
683 563 1013 629 pulchritudine
1034 563 1165 609 etiam
1190 563 1304 607 illius
1331 563 1424 608 avia
1449 599 1460 616 ,

87 635 262 681 socrus⁴
277 647 351 681 tua
365 673 375 692 ,
393 653 494 700 quae
504 640 594 695 jam
616 646 729 681 certe
750 635 907 688 senuit,
925 644 986 678 est
1003 632 1192 696 pulchra
1212 632 1456 679 vobiscum.

87 705 287 765 vigorem
312 706 478 769 quippe
502 707 635 766 hujus
674 704 1018 769 pulchritudinis
1052 702 1157 748 (lum
1196 701 1386 746 extendit
1420 703 1466 746 in

87 775 298 820 anteriora
319 776 509 820 charitas
534 813 544 831 ‚
567 793 717 835 rugam
741 776 787 820 in
808 792 856 819 ea
881 791 967 819 non
990 772 1093 817 facit
1121 771 1350 817 annositas,
1379 771 1466 816 Ha-

86 844 195 889 betis
211 845 437 890 vobiscum
462 862 593 891 anum
620 856 811 891 sanctam
833 855 874 889 et
902 845 948 889 in
969 843 1099 889 domo
1120 852 1164 887 et
1187 843 1232 887 in
1253 841 1430 886 Christo
1449 878 1460 897 ,

85 930 217 976 quam
238 914 291 960 de
315 917 629 977 perseverantia
653 916 885 962 consulatis
910 933 920 960 :
938 913 1161 978 quomodo
1183 929 1284 957 cum
1306 911 1379 956 illa
1394 911 1461 957 vel

84 983 157 1029 illa
180 986 416 1031 tentatione
449 986 734 1049 pugnandum
762 987 844 1041 sit,
872 986 981 1049 quid
1017 984 1230 1044 agendum
1256 993 1304 1027 ut
1337 981 1464 1027 facile

84 1066 325 1117 superetur,
355 1055 474 1119 quod
493 1057 812 1102 munimentum
835 1055 1093 1102 sumendum
1119 1092 1129 1111 ‚
1154 1071 1207 1099 ne
1225 1051 1351 1099 facile
1374 1069 1468 1097 rur-

83 1140 153 1169 sus
167 1124 396 1171 insidietur
416 1143 426 1171 :
449 1137 488 1171 et
513 1127 547 1171 si
571 1126 681 1189 quid
694 1126 951 1186 hujusmodi
965 1136 1044 1180 cst,
1063 1125 1274 1170 docetvos
1288 1122 1466 1168 diutur-

83 1194 216 1239 nitate
236 1200 328 1255 jam
351 1207 466 1242 certa
482 1233 493 1251 ‚
524 1213 666 1242 amore
687 1197 915 1249 benevola,
942 1196 1101 1256 pietate
1116 1193 1316 1249 sollicita,
1335 1203 1461 1238 aetate

82 1279 244 1310 secura.
257 1267 323 1309 Tu
342 1266 566 1327 praecipue
585 1301 595 1320 ‚
625 1275 671 1309 tu
691 1265 868 1309 consule
895 1264 940 1308 in
960 1263 1118 1308 talibus
1138 1279 1230 1307 eam
1246 1299 1256 1318 ,
1275 1279 1377 1325 quae
1390 1279 1465 1307 ex-

81 1343 203 1395 perta
214 1344 275 1378 est
286 1334 405 1397 quod
416 1345 587 1396 experta
601 1351 656 1380 es.
675 1335 785 1378 Nam
801 1333 944 1397 proles
961 1344 1095 1379 vestra
1113 1332 1224 1378 illud
1243 1332 1460 1377 canticum

83 1413 230 1448 cantat
245 1439 255 1459 ,
277 1403 398 1467 quod
419 1404 464 1449 in
488 1404 754 1467 Apocalypsi
778 1405 857 1449 nisi
874 1404 1056 1463 virgines
1069 1413 1243 1448 cantare
1260 1420 1346 1447 non
1365 1419 1465 1466 pos-

82 1473 223 1519 sunt2.
248 1474 334 1518 Pro
350 1474 565 1520 ambabus
587 1485 624 1519 ta
632 1492 728 1519 men
741 1474 866 1520 vobis
882 1474 1106 1519 sollicitius
1123 1483 1218 1518 orat
1235 1490 1367 1535 quain
1381 1490 1463 1535 pro

81 1557 124 1586 se
147 1542 238 1604 ipsa
261 1560 271 1587 ε
303 1543 372 1588 sed
398 1543 532 1603 magis
552 1561 633 1606 pro
658 1554 786 1607 nepte
805 1543 986 1589 sollicita
1011 1553 1073 1588 est
1095 1580 1105 1597 ,
1133 1543 1204 1587 cui
1223 1541 1464 1587 vincenda-

82 1628 180 1656 rum
202 1614 489 1658 tentationum
505 1615 695 1677 spatiu'm
713 1614 813 1676 plus
834 1624 961 1658 restat
983 1629 1192 1657 annorum
1225 1630 1234 1656 ε
1262 1622 1304 1657 te
1324 1622 1464 1656 autem

78 1681 200 1727 videt
216 1698 308 1728 aevo
325 1700 402 1728 suo
423 1684 675 1729 viciniorem
693 1721 704 1739 ,
727 1694 768 1728 et
793 1688 883 1742 ejus
900 1683 1003 1728 filiae
1028 1692 1208 1727 matrem
1233 1718 1244 1736 ,
1269 1698 1402 1744 quam
1428 1681 1462 1726 si

79 1762 263 1815 nuptam
284 1789 294 1808 ‚
314 1753 433 1815 quod
448 1757 537 1812 jam
559 1755 759 1799 nonlicet
777 1791 787 1807 ‚
814 1765 941 1817 atque
962 1754 1076 1798 absit
1090 1790 1100 1805 ,
1122 1753 1297 1797 vidisses
1318 1789 1328 1808 ,
1351 1762 1461 1815 puto

78 1823 198 1886 quod
206 1840 356 1886 parere
366 1842 465 1870 cum
475 1824 809 1871 illaeruhuisses.
823 1827 1045 1881 Quantum
1058 1835 1119 1869 est
1133 1841 1231 1883 crgo
1244 1823 1363 1886 quod
1369 1826 1461 1882 jam

80 1893 163 1938 tibi
186 1893 440 1956 periculosae
462 1904 592 1938 restat
616 1895 756 1939 aetatis
779 1932 789 1941 .
821 1912 920 1958 quae
943 1894 1039 1939 idco
1065 1911 1152 1938 non
1171 1893 1326 1938 diceris
1344 1893 1457 1947 avia,

81 1973 129 2009 ut
145 1974 390 2009 sanctarum
410 1964 725 2024 cogitationum
747 1975 788 2009 et
812 1981 993 2027 operum
1023 1964 1205 2009 foetibus
1235 1980 1336 2008 cum
1371 1962 1461 2007 filia

78 2033 214 2096 possis
234 2051 320 2079 esse
341 2034 553 2079 foecunda
571 2038 590 2079 P
617 2036 715 2078 Non
733 2034 877 2097 itaque
896 2035 1113 2079 immerito
1138 2032 1273 2092 magis
1290 2049 1372 2096 pro
1388 2032 1462 2077 illa

79 2103 260 2148 sollicita
287 2114 347 2148 est
368 2104 460 2149 avia
484 2141 494 2158 ‚
519 2121 600 2167 pro
622 2120 707 2166 qua
724 2114 765 2148 et
789 2114 836 2148 tu
862 2114 998 2148 mater
1022 2122 1031 2148 ε
1057 2104 1160 2166 quia
1180 2113 1222 2147 et
1243 2106 1381 2162 majtls
1398 2113 1461 2146 est

78 2172 197 2234 quod
217 2173 338 2218 vovit.
360 2210 370 2228 ,
398 2184 439 2218 et
460 2183 599 2218 totum
625 2174 662 2217 ei
688 2183 815 2218 restat
838 2173 958 2236 quod
978 2174 1110 2218 modo
1134 2173 1286 2236 coepit.
1312 2173 1460 2216 Exau-

77 2243 170 2289 diat
197 2244 404 2288 Dominus
427 2259 577 2306 preces
599 2247 689 2302 ejus
707 2281 716 2299 ,
741 2254 787 2288 ut
807 2254 951 2288 sancte
973 2243 1276 2306 obsequamini
1295 2241 1459 2286 meritis

77 2316 167 2372 ejus
186 2350 197 2368 ‚
223 2329 324 2375 quae
343 2330 517 2358 carnem
540 2313 622 2357 viri
641 2312 658 2340 3
680 2314 744 2358 tui
767 2314 811 2358 in
830 2318 1011 2373 juventa
1029 2314 1201 2377 peperit
1219 2350 1228 2367 ,
1257 2329 1334 2357 cor
1355 2311 1457 2356 filiae

77 2392 166 2426 tuae
176 2382 222 2426 in
233 2392 400 2427 senecta
418 2383 619 2445 parturit.
655 2384 817 2428 Omnes
842 2384 990 2446 itaque
1008 2385 1172 2447 pariter
1203 2393 1330 2444 atque
1354 2397 1460 2426 con-

132 2485 142 2507 ¹
163 2485 264 2516 Proba
290 2486 500 2517 Demetriadis
527 2487 595 2517 avia
609 2511 616 2523 ,
646 2498 752 2518 socrus
771 2487 915 2520 Jutinnae.
938 2507 984 2513 —-
1002 2487 1017 2509 2
1036 2492 1136 2530 Apuc.
1160 2499 1230 2519 xiv.
1247 2492 1280 2522 4.
1301 2503 1340 2509 ·-
1358 2481 1372 2506 3
1389 2483 1456 2515 Oli-

78 2537 154 2579 brit,
177 2547 215 2567 ex
233 2536 367 2568 Hieron.
387 2538 478 2579 epist.
503 2540 536 2571 8.
556 2539 594 2569 ad
614 2541 759 2570 Demetr.
