1758 3246
305 298 398 361 37⁸
724 317 760 348 s.
803 317 1045 350 Aucusrim
1081 319 1284 353 Emscom

300 404 320 424 «
342 383 464 428 Facit
479 399 571 428 eam
596 385 824 434 moechari.
861 408 882 429 ›>
897 387 1128 444 Quomodo
1151 390 1264 435 enim
1284 389 1459 436 dimissa
1482 392 1532 437 fit
1550 408 1664 440 moe—

300 453 401 507 cha,
432 455 510 499 nisi
525 455 600 500 fiat
620 457 696 519 qui
717 474 811 502 eam
831 458 998 503 duxerit
1016 460 1246 505 moechus?

361 524 463 570 Xll.
495 525 636 571 Verba
658 544 759 573 vero
798 546 897 593 quae
922 530 1012 592 ipse
1041 531 1252 592 posuisti,
1279 531 1396 577 unde
1414 531 1495 578 tibi
1519 533 1662 579 visum

293 603 355 637 est
378 611 463 639 non
485 596 697 642 moechari
726 615 823 643 eum
845 600 921 662 qui
960 610 1139 662 propter
1166 616 1339 645 causam
1363 601 1666 648 fornicationis

294 678 468 709 uxorem
492 665 702 712 dimiserit
724 678 765 712 et
791 669 917 714 aliam
941 668 1126 722 duxerit,
1162 669 1347 715 obscure
1388 671 1563 734 quidem
1582 689 1669 735 po-

293 732 372 778 sita
388 745 500 780 sunt.
551 735 676 781 Unde
698 754 786 782 non
825 739 959 784 miror
978 739 1024 784 in
1054 739 1113 783 eis
1145 738 1433 799 intelligendis
1470 741 1668 787 laborare

289 801 493 849 lectorem
518 822 527 848 t
558 804 632 850 sed
651 823 739 852 non
758 809 914 854 suntin
927 825 976 853 eo
1002 825 1195 853 sermone
1223 810 1427 864 Domini,
1444 812 1522 873 qui
1562 822 1667 857 tunc

292 889 313 915 a
339 889 404 917 me
430 875 713 933 tractabatur,
739 878 913 940 quando
937 878 1280 940 illaconscripsi‚
1299 895 1401 941 quae
1428 895 1527 924 cum
1546 880 1667 940 lege-

291 959 355 987 res
379 953 419 988 te
437 957 679 993 moverunt.
709 948 828 993 Alibi
845 949 1011 1012 quippe
1040 948 1155 993 idem
1183 948 1420 994 Matthaeus
1440 965 1488 994 ea
1510 951 1667 995 Domi-

289 1029 394 1058 num
425 1013 576 1061 dixisse
601 1019 821 1073 narravit,
861 1036 950 1063 non
974 1035 1075 1064 cum
1100 1017 1223 1062 illum
1262 1017 1477 1080 prolixum
1507 1017 1667 1064 faceret

288 1082 332 1127 in
346 1096 491 1130 monte
510 1103 749 1133 sermonem
768 1126 779 1143 ‚
806 1089 879 1134 sed
898 1105 1000 1134 cum
1024 1089 1310 1148 iuterrogatus
1332 1099 1440 1134 esset
1459 1106 1484 1134 a
1501 1090 1667 1135 Phari-

288 1154 399 1208 saeis,
425 1166 571 1202 utrum
594 1157 743 1203 liceret
771 1175 818 1203 ex
850 1175 1129 1222 quacumque
1162 1174 1290 1203 causa
1317 1158 1536 1204 dimittere
1558 1176 1668 1205 uxo-

288 1238 393 1267 rem.
426 1222 509 1267 Sed
524 1224 643 1286 quod
658 1225 799 1270 minus
812 1227 1070 1285 intelligitur·
1091 1227 1211 1288 apud
1232 1229 1270 1270 M
1281 1228 1490 1274 atthaeum
1507 1266 1518 1285 ‚
1546 1229 1668 1292 apud

283 1290 388 1336 alios
408 1294 698 1352 Evangelistas
715 1295 896 1355 intelligi
913 1305 1068 1357 potest.
1102 1296 1384 1358 Quapropter
1412 1314 1514 1342 cum
1541 1299 1661 1358 lege-

285 1361 420 1407 rimus
442 1363 486 1408 in
513 1364 744 1424 Evangelio
771 1365 1011 1411 secuudum
1036 1365 1315 1420 Matthaeum,
1335 1387 1355 1407 «
1384 1366 1667 1431 Quicumque

286 1453 307 1473 »
331 1431 548 1478 dimiserit
585 1451 757 1480 uxorem
797 1436 877 1480 nisi
903 1436 960 1480 ob
995 1434 1376 1490 fornicationeml,
1401 1455 1422 1475 »
1450 1447 1523 1481 aut
1546 1439 1667 1501 quod

287 1502 422 1561 magis
445 1503 490 1546 in
523 1519 665 1562 graeco
702 1503 876 1563 legitur,
905 1526 924 1544 «
950 1505 1115 1549 Praeter
1145 1521 1320 1548 causam
1345 1503 1663 1562 fornicationis,

286 1591 306 1611 »
327 1581 371 1615 et
391 1571 518 1616 aliam
538 1572 710 1619 duxerit
733 1574 984 1620 moechatur
1006 1591 1018 1618 t
1045 1595 1065 1615 »
1092 1591 1179 1619 non
1213 1573 1422 1620 debemus
1457 1577 1666 1623 continuo

282 1652 436 1704 putare
455 1643 578 1688 illum
598 1661 686 1688 non
709 1645 951 1700 moechari,
977 1661 1054 1708 qul
1078 1654 1260 1708 propter
1283 1660 1456 1690 causam
1473 1645 1667 1692 fornica-

281 1711 409 1757 tionis
433 1712 668 1765 dimiserit„
696 1725 736 1759 et
756 1714 883 1759 aliam
909 1715 1104 1770 duxerit,
1143 1714 1215 1759 scd
1243 1714 1391 1760 adhuc
1418 1716 1661 1777 ambigere,

283 1780 422 1826 donec
446 1783 727 1842 Evangelium
748 1784 987 1830 secundum
1013 1784 1116 1830 alios
1146 1785 1438 1844 Evangelistas
1462 1803 1485 1831 a
1504 1787 1665 1849 quibus

282 1850 370 1895 hoc
391 1863 613 1897 narratum
643 1865 729 1909 est,
758 1854 1045 1901 consulamus.
1074 1854 1194 1910 Quid
1220 1854 1253 1899 si
1287 1855 1402 1899 enim
1424 1856 1665 1902 secundum

283 1921 543 1967 Matthaeum
557 1960 567 1977 ‚
591 1940 678 1968 non
698 1923 873 1986 quidem
899 1924 1018 1987 quod
1042 1924 1095 1969 ad
1115 1924 1230 1969 lianc
1250 1941 1341 1968 rem
1359 1926 1547 1987 pertinet
1566 1927 1664 1973 dic-

287 2000 379 2035 tum
411 2002 472 2036 est
495 2003 637 2038 totum
657 2031 667 2049 ‚
695 1994 767 2039 sed
792 1995 850 2039 ita
866 2012 967 2058 pars
989 1994 1107 2040 dicta
1129 2005 1207 2050 est,
1241 2005 1289 2039 ut
1312 1994 1624 2055 intelligeretur
1642 2015 1665 2043 a

283 2071 406 2123 parte
421 2073 578 2119 totum,
603 2064 722 2126 quod
739 2075 949 2128 tanquam
961 2065 1233 2128 explanantes
1248 2068 1424 2110 Marcus
1442 2076 1483 2111 et
1503 2070 1660 2125 Lucas,

285 2140 332 2175 ut
351 2131 529 2176 clareret
548 2132 677 2196 plena
691 2136 918 2190 sententia,
942 2146 1080 2180 totum
1095 2134 1238 2180 dicere
1255 2135 1524 2183 maluerunt?
1551 2137 1664 2183 Cum

281 2200 429 2263 itaque
438 2202 630 2265 primum
642 2220 730 2248 non
749 2204 998 2250 dubitantes
1018 2221 1167 2250 verum
1184 2222 1270 2250 esse
1286 2205 1406 2268 quod
1423 2206 1541 2269 apud
1561 2210 1665 2253 wat·

283 2270 452 2316 thaeum
469 2272 651 2332 legitur:
669 2295 690 2314 <c
708 2274 989 2338 Quicumque
1007 2275 1414 2332 dimiserituxorem
1424 2293 1543 2322 suam
1552 2294 1664 2340 prae-

282 2361 302 2381 »
321 2351 385 2385 ter
400 2358 570 2388 causam
592 2343 906 2401 fornicationis,
926 2356 967 2390 et
988 2345 1114 2390 aliam
1133 2344 1329 2401 duxerit,
1349 2346 1624 2398 moechatur3
1642 2366 1662 2387 »

283 2412 579 2474 quaesierimus
619 2425 765 2460 utrum
790 2426 959 2460 tantum
994 2416 1071 2460 iste
1097 2416 1345 2460 moechetur
1373 2414 1574 2460 ducendo
1595 2415 1662 2460 al-

284 2492 418 2527 teram
441 2500 614 2528 uxorem
631 2521 641 2538 ‚
667 2487 743 2547 qui
766 2495 927 2547 praeter
955 2502 1129 2531 causam
1153 2483 1449 2528 fornicationis
1469 2483 1659 2546 priorem

280 2550 514 2607 dimiserit,
541 2570 595 2598 an
613 2553 752 2599 omnis
781 2554 858 2617 qui
891 2553 1065 2599 dimissa
1105 2568 1235 2597 uxore
1263 2550 1442 2603 alteram
1464 2551 1655 2610 duxerit,

335 2634 342 2654 ¹
364 2633 485 2666 Manli.
506 2645 576 2669 xrx,
598 2646 627 2674 9.
