<?xml version="1.0" encoding="UTF-8"?>
<!DOCTYPE html PUBLIC "-//W3C//DTD XHTML 1.0 Transitional//EN"
    "http://www.w3.org/TR/xhtml1/DTD/xhtml1-transitional.dtd">
<html xmlns="http://www.w3.org/1999/xhtml" xml:lang="en" lang="en">
 <head>
  <title>
</title>
<meta http-equiv="Content-Type" content="text/html;charset=utf-8" />
  <meta name='ocr-system' content='tesseract 3.04.00' />
  <meta name='ocr-capabilities' content='ocr_page ocr_carea ocr_par ocr_line ocrx_word'/>
</head>
<body>
  <div class='ocr_page' id='page_1' title='image "./operaomniaaccura26auguuoft/operaomniaaccura26auguuoft_0542.png"; bbox 0 0 1758 3246; ppageno 0'>
   <div class='ocr_carea' id='block_1_1' title="bbox 326 346 1697 913">
    <p class='ocr_par' dir='ltr' id='par_1_1' title="bbox 331 346 1302 394">
     <span class='ocr_line' id='line_1_1' title="bbox 331 346 1302 394; baseline 0.002 -3"><span class='ocrx_word' id='word_1_1' title='bbox 331 346 421 392; x_wconf 80' lang='lat'>522</span> <span class='ocrx_word' id='word_1_2' title='bbox 634 355 658 381; x_wconf 84' lang='grc'>-’</span> <span class='ocrx_word' id='word_1_3' title='bbox 730 353 790 393; x_wconf 84' lang='lat' dir='ltr'>&#39;&#39;s.&#39;</span> <span class='ocrx_word' id='word_1_4' title='bbox 826 353 1063 393; x_wconf 69' lang='lat' dir='ltr'>Au‘e&#39;tsrim</span> <span class='ocrx_word' id='word_1_5' title='bbox 1101 356 1302 394; x_wconf 72' lang='lat' dir='ltr'>El’lsCOPI</span> 
     </span>
    </p>

    <p class='ocr_par' dir='ltr' id='par_1_2' title="bbox 326 416 1697 913">
     <span class='ocr_line' id='line_1_2' title="bbox 327 416 1686 493; baseline 0.005 -21"><span class='ocrx_word' id='word_1_6' title='bbox 327 426 386 472; x_wconf 87' lang='lat' dir='ltr'>eis</span> <span class='ocrx_word' id='word_1_7' title='bbox 402 462 412 481; x_wconf 85' lang='lat'>‚</span> <span class='ocrx_word' id='word_1_8' title='bbox 434 416 589 489; x_wconf 78' lang='lat' dir='ltr'>siquid</span> <span class='ocrx_word' id='word_1_9' title='bbox 606 442 755 473; x_wconf 87' lang='lat' dir='ltr'>eorum</span> <span class='ocrx_word' id='word_1_10' title='bbox 769 428 873 475; x_wconf 83' lang='lat' dir='ltr'>vitae</span> <span class='ocrx_word' id='word_1_11' title='bbox 888 443 968 491; x_wconf 90' lang='lat' dir='ltr'>pro</span> <span class='ocrx_word' id='word_1_12' title='bbox 985 443 1062 472; x_wconf 90' lang='lat' dir='ltr'>suo</span> <span class='ocrx_word' id='word_1_13' title='bbox 1078 426 1215 487; x_wconf 83' lang='lat' dir='ltr'>gradu</span> <span class='ocrx_word' id='word_1_14' title='bbox 1231 427 1372 474; x_wconf 84' lang='lat' dir='ltr'><strong>deesse</strong></span> <span class='ocrx_word' id='word_1_15' title='bbox 1386 430 1686 493; x_wconf 87' lang='lat' dir='ltr'>perspicimus.</span> 
     </span>
     <span class='ocr_line' id='line_1_3' title="bbox 331 496 1697 560; baseline 0.005 -19"><span class='ocrx_word' id='word_1_16' title='bbox 331 496 453 541; x_wconf 91' lang='lat' dir='ltr'>Talia</span> <span class='ocrx_word' id='word_1_17' title='bbox 474 514 604 560; x_wconf 89' lang='lat' dir='ltr'>opera</span> <span class='ocrx_word' id='word_1_18' title='bbox 624 498 657 543; x_wconf 89' lang='lat' dir='ltr'>si</span> <span class='ocrx_word' id='word_1_19' title='bbox 689 515 776 544; x_wconf 91' lang='lat' dir='ltr'>non</span> <span class='ocrx_word' id='word_1_20' title='bbox 809 497 1044 543; x_wconf 85' lang='lat' dir='ltr'>faceremus</span> <span class='ocrx_word' id='word_1_21' title='bbox 1059 534 1070 553; x_wconf 87' lang='lat'><strong>‚</strong></span> <span class='ocrx_word' id='word_1_22' title='bbox 1098 498 1338 560; x_wconf 83' lang='lat' dir='ltr'>periculose</span> <span class='ocrx_word' id='word_1_23' title='bbox 1361 517 1382 545; x_wconf 90' lang='lat' dir='ltr'>a</span> <span class='ocrx_word' id='word_1_24' title='bbox 1404 501 1593 546; x_wconf 91' lang='lat' dir='ltr'>Domino</span> <span class='ocrx_word' id='word_1_25' title='bbox 1615 501 1697 548; x_wconf 89' lang='lat' dir='ltr'>ali—</span> 
     </span>
     <span class='ocr_line' id='line_1_4' title="bbox 330 567 1696 633; baseline 0.004 -21"><span class='ocrx_word' id='word_1_26' title='bbox 330 576 473 612; x_wconf 82' lang='lat' dir='ltr'>menta</span> <span class='ocrx_word' id='word_1_27' title='bbox 487 567 578 631; x_wconf 89' lang='lat' dir='ltr'>ipsa</span> <span class='ocrx_word' id='word_1_28' title='bbox 600 567 809 631; x_wconf 83' lang='lat' dir='ltr'><strong>spiritalia</strong></span> <span class='ocrx_word' id='word_1_29' title='bbox 829 583 1105 613; x_wconf 77' lang='lat' dir='ltr'><strong>sumeremus,</strong></span> <span class='ocrx_word' id='word_1_30' title='bbox 1137 569 1232 613; x_wconf 86' lang='lat' dir='ltr'>Hoc</span> <span class='ocrx_word' id='word_1_31' title='bbox 1251 569 1364 614; x_wconf 88' lang='lat' dir='ltr'>enim</span> <span class='ocrx_word' id='word_1_32' title='bbox 1384 568 1489 615; x_wconf 82' lang='lat' dir='ltr'>dixit</span> <span class='ocrx_word' id='word_1_33' title='bbox 1514 571 1696 633; x_wconf 83' lang='lat' dir='ltr'>Aposto-</span> 
     </span>
     <span class='ocr_line' id='line_1_5' title="bbox 329 636 1697 701; baseline 0.004 -20"><span class='ocrx_word' id='word_1_34' title='bbox 329 636 397 682; x_wconf 90' lang='lat' dir='ltr'>lus</span> <span class='ocrx_word' id='word_1_35' title='bbox 418 653 428 681; x_wconf 87' lang='lat'><strong>:</strong></span> <span class='ocrx_word' id='word_1_36' title='bbox 452 656 473 677; x_wconf 88' lang='grc'>«</span> <span class='ocrx_word' id='word_1_37' title='bbox 497 637 583 694; x_wconf 87' lang='lat' dir='ltr'>Qui</span> <span class='ocrx_word' id='word_1_38' title='bbox 604 655 689 683; x_wconf 91' lang='lat' dir='ltr'>non</span> <span class='ocrx_word' id='word_1_39' title='bbox 705 637 800 685; x_wconf 90' lang='lat' dir='ltr'>vult</span> <span class='ocrx_word' id='word_1_40' title='bbox 817 637 988 701; x_wconf 88' lang='lat' dir='ltr'>operari</span> <span class='ocrx_word' id='word_1_41' title='bbox 1006 674 1017 692; x_wconf 91' lang='lat'><strong>‚</strong></span> <span class='ocrx_word' id='word_1_42' title='bbox 1042 653 1130 682; x_wconf 91' lang='lat' dir='ltr'>non</span> <span class='ocrx_word' id='word_1_43' title='bbox 1149 637 1397 685; x_wconf 86' lang='lat' dir='ltr'>manducet.</span> <span class='ocrx_word' id='word_1_44' title='bbox 1423 661 1444 681; x_wconf 85' lang='lat'>»</span> <span class='ocrx_word' id='word_1_45' title='bbox 1470 640 1534 685; x_wconf 88' lang='lat' dir='ltr'>lta</span> <span class='ocrx_word' id='word_1_46' title='bbox 1561 656 1603 685; x_wconf 90' lang='lat' dir='ltr'>se</span> <span class='ocrx_word' id='word_1_47' title='bbox 1626 641 1697 687; x_wconf 82' lang='lat' dir='ltr'>isti</span> 
     </span>
     <span class='ocr_line' id='line_1_6' title="bbox 331 707 1697 772; baseline 0.003 -20"><span class='ocrx_word' id='word_1_48' title='bbox 331 707 600 753; x_wconf 84' lang='lat' dir='ltr'>arbitrantur</span> <span class='ocrx_word' id='word_1_49' title='bbox 617 707 849 771; x_wconf 89' lang='lat' dir='ltr'>apostolice</span> <span class='ocrx_word' id='word_1_50' title='bbox 864 717 905 754; x_wconf 90' lang='lat' dir='ltr'>et</span> <span class='ocrx_word' id='word_1_51' title='bbox 929 707 1172 767; x_wconf 81' lang='lat' dir='ltr'>evangelice</span> <span class='ocrx_word' id='word_1_52' title='bbox 1200 708 1501 772; x_wconf 88' lang='lat' dir='ltr'>obtemperare</span> <span class='ocrx_word' id='word_1_53' title='bbox 1523 721 1697 756; x_wconf 87' lang='lat' dir='ltr'>senten-</span> 
     </span>
     <span class='ocr_line' id='line_1_7' title="bbox 326 777 1697 844; baseline 0.002 -21"><span class='ocrx_word' id='word_1_54' title='bbox 326 778 401 823; x_wconf 84' lang='lat' dir='ltr'>tiae</span> <span class='ocrx_word' id='word_1_55' title='bbox 420 815 431 834; x_wconf 89' lang='lat'>‚</span> <span class='ocrx_word' id='word_1_56' title='bbox 453 794 551 823; x_wconf 92' lang='lat' dir='ltr'>cum</span> <span class='ocrx_word' id='word_1_57' title='bbox 569 789 611 823; x_wconf 89' lang='lat' dir='ltr'>et</span> <span class='ocrx_word' id='word_1_58' title='bbox 633 778 914 839; x_wconf 81' lang='lat' dir='ltr'>Evangelium</span> <span class='ocrx_word' id='word_1_59' title='bbox 939 777 1123 823; x_wconf 87' lang='lat' dir='ltr'>credunt</span> <span class='ocrx_word' id='word_1_60' title='bbox 1143 778 1196 823; x_wconf 90' lang='lat' dir='ltr'>de</span> <span class='ocrx_word' id='word_1_61' title='bbox 1217 795 1305 824; x_wconf 92' lang='lat' dir='ltr'>non</span> <span class='ocrx_word' id='word_1_62' title='bbox 1328 779 1521 826; x_wconf 89' lang='lat' dir='ltr'>curanda</span> <span class='ocrx_word' id='word_1_63' title='bbox 1542 797 1697 844; x_wconf 89' lang='lat' dir='ltr'>corpo-</span> 
     </span>
     <span class='ocr_line' id='line_1_8' title="bbox 326 847 1697 913; baseline 0.003 -20"><span class='ocrx_word' id='word_1_64' title='bbox 326 847 403 894; x_wconf 89' lang='lat' dir='ltr'>rali</span> <span class='ocrx_word' id='word_1_65' title='bbox 433 858 476 893; x_wconf 89' lang='lat' dir='ltr'>et</span> <span class='ocrx_word' id='word_1_66' title='bbox 505 848 733 911; x_wconf 85' lang='lat' dir='ltr'>temporali</span> <span class='ocrx_word' id='word_1_67' title='bbox 766 848 866 894; x_wconf 72' lang='lat' dir='ltr'>vitae</span> <span class='ocrx_word' id='word_1_68' title='bbox 901 848 1034 907; x_wconf 84' lang='lat' dir='ltr'>hujus</span> <span class='ocrx_word' id='word_1_69' title='bbox 1064 847 1299 908; x_wconf 81' lang='lat' dir='ltr'>indigentia</span> <span class='ocrx_word' id='word_1_70' title='bbox 1333 850 1589 913; x_wconf 72' lang='lat' dir='ltr'>praecepisse</span> <span class='ocrx_word' id='word_1_71' title='bbox 1609 887 1619 905; x_wconf 78' lang='lat'><strong><em>‚</em></strong></span> <span class='ocrx_word' id='word_1_72' title='bbox 1655 862 1697 897; x_wconf 88' lang='lat' dir='ltr'>et</span> 
     </span>
    </p>
   </div>
   <div class='ocr_carea' id='block_1_2' title="bbox 327 917 1694 982">
    <p class='ocr_par' dir='ltr' id='par_1_3' title="bbox 327 907 1758 982">
     <span class='ocr_line' id='line_1_9' title="bbox 327 917 1694 982; baseline 0.001 -16"><span class='ocrx_word' id='word_1_73' title='bbox 327 917 585 981; x_wconf 81' lang='lat' dir='ltr'>Apostolum</span> <span class='ocrx_word' id='word_1_74' title='bbox 607 918 661 964; x_wconf 91' lang='lat' dir='ltr'>de</span> <span class='ocrx_word' id='word_1_75' title='bbox 685 919 786 965; x_wconf 89' lang='lat' dir='ltr'>cibo</span> <span class='ocrx_word' id='word_1_76' title='bbox 805 929 846 964; x_wconf 91' lang='lat' dir='ltr'>et</span> <span class='ocrx_word' id='word_1_77' title='bbox 879 935 1008 982; x_wconf 90' lang='lat' dir='ltr'>opere</span> <span class='ocrx_word' id='word_1_78' title='bbox 1037 918 1220 982; x_wconf 87' lang='lat' dir='ltr'>spiritali</span> <span class='ocrx_word' id='word_1_79' title='bbox 1240 918 1390 964; x_wconf 82' lang='lat' dir='ltr'>dixisse</span> <span class='ocrx_word' id='word_1_80' title='bbox 1412 936 1421 965; x_wconf 77' lang='grc' dir='ltr'><strong>ε</strong></span> <span class='ocrx_word' id='word_1_81' title='bbox 1450 940 1471 961; x_wconf 70' lang='grc' dir='ltr'>(ι</span> <span class='ocrx_word' id='word_1_82' title='bbox 1491 920 1578 977; x_wconf 90' lang='lat' dir='ltr'>Qui</span> <span class='ocrx_word' id='word_1_83' title='bbox 1604 938 1694 966; x_wconf 87' lang='lat' dir='ltr'>non</span> 
     </span>
    </p>
   </div>
   <div class='ocr_carea' id='block_1_3' title="bbox 326 988 1095 1052">
    <p class='ocr_par' dir='ltr' id='par_1_4' title="bbox 326 988 1095 1052">
     <span class='ocr_line' id='line_1_10' title="bbox 326 988 1095 1052; baseline 0.001 -19"><span class='ocrx_word' id='word_1_84' title='bbox 326 1008 348 1029; x_wconf 70' lang='lat'>³&gt;</span> <span class='ocrx_word' id='word_1_85' title='bbox 367 988 462 1034; x_wconf 90' lang='lat' dir='ltr'>vult</span> <span class='ocrx_word' id='word_1_86' title='bbox 479 989 674 1052; x_wconf 85' lang='lat' dir='ltr'>operari,</span> <span class='ocrx_word' id='word_1_87' title='bbox 698 1006 783 1035; x_wconf 92' lang='lat' dir='ltr'>non</span> <span class='ocrx_word' id='word_1_88' title='bbox 803 988 1046 1036; x_wconf 86' lang='lat' dir='ltr'>manducet.</span> <span class='ocrx_word' id='word_1_89' title='bbox 1075 1010 1095 1030; x_wconf 87' lang='lat'>»</span> 
     </span>
    </p>
   </div>
   <div class='ocr_carea' id='block_1_4' title="bbox 324 1058 1758 1271">
    <p class='ocr_par' dir='ltr' id='par_1_5' title="bbox 324 1051 1758 1271">
     <span class='ocr_line' id='line_1_11' title="bbox 393 1058 1695 1123; baseline 0.005 -20"><span class='ocrx_word' id='word_1_90' title='bbox 393 1059 475 1106; x_wconf 88' lang='lat'><em>111.</em></span> <span class='ocrx_word' id='word_1_91' title='bbox 517 1060 607 1105; x_wconf 88' lang='lat' dir='ltr'>Nec</span> <span class='ocrx_word' id='word_1_92' title='bbox 630 1059 858 1106; x_wconf 88' lang='lat' dir='ltr'>attendunt</span> <span class='ocrx_word' id='word_1_93' title='bbox 875 1096 885 1116; x_wconf 69' lang='grc'>,</span> <span class='ocrx_word' id='word_1_94' title='bbox 921 1059 1022 1123; x_wconf 89' lang='lat' dir='ltr'>quia</span> <span class='ocrx_word' id='word_1_95' title='bbox 1044 1059 1080 1105; x_wconf 90' lang='lat' dir='ltr'>si</span> <span class='ocrx_word' id='word_1_96' title='bbox 1110 1058 1216 1105; x_wconf 88' lang='lat' dir='ltr'>alius</span> <span class='ocrx_word' id='word_1_97' title='bbox 1242 1059 1431 1116; x_wconf 76' lang='lat' dir='ltr'>diceret,</span> <span class='ocrx_word' id='word_1_98' title='bbox 1457 1060 1695 1108; x_wconf 90' lang='lat' dir='ltr'>Dominum</span> 
     </span>
     <span class='ocr_line' id='line_1_12' title="bbox 326 1129 1758 1194; baseline 0.001 -19"><span class='ocrx_word' id='word_1_99' title='bbox 326 1129 501 1193; x_wconf 88' lang='lat' dir='ltr'>quidem</span> <span class='ocrx_word' id='word_1_100' title='bbox 520 1130 565 1176; x_wconf 90' lang='lat' dir='ltr'>in</span> <span class='ocrx_word' id='word_1_101' title='bbox 591 1131 812 1194; x_wconf 81' lang='lat' dir='ltr'>parabolis</span> <span class='ocrx_word' id='word_1_102' title='bbox 837 1141 877 1176; x_wconf 86' lang='lat' dir='ltr'>et</span> <span class='ocrx_word' id='word_1_103' title='bbox 904 1131 950 1176; x_wconf 91' lang='lat' dir='ltr'>in</span> <span class='ocrx_word' id='word_1_104' title='bbox 980 1129 1340 1176; x_wconf 84' lang='lat' dir='ltr'>similitudinibus</span> <span class='ocrx_word' id='word_1_105' title='bbox 1373 1130 1619 1194; x_wconf 88' lang='lat' dir='ltr'>loquentem</span> <span class='ocrx_word' id='word_1_106' title='bbox 1643 1131 1696 1178; x_wconf 86' lang='lat' dir='ltr'>de</span> <span class='ocrx_word' id='word_1_107' title='bbox 1756 1139 1758 1177; x_wconf 73' lang='lat' dir='ltr'>i</span> 
     </span>
     <span class='ocr_line' id='line_1_13' title="bbox 324 1201 1758 1271; baseline 0.002 -26"><span class='ocrx_word' id='word_1_108' title='bbox 324 1201 445 1247; x_wconf 71' lang='lat' dir='ltr'>victu</span> <span class='ocrx_word' id='word_1_109' title='bbox 466 1211 507 1246; x_wconf 87' lang='lat' dir='ltr'>et</span> <span class='ocrx_word' id='word_1_110' title='bbox 530 1211 776 1261; x_wconf 83' lang='lat' dir='ltr'>tegumento</span> <span class='ocrx_word' id='word_1_111' title='bbox 811 1201 991 1264; x_wconf 85' lang='lat' dir='ltr'>spiritali</span> <span class='ocrx_word' id='word_1_112' title='bbox 1021 1201 1236 1246; x_wconf 87' lang='lat' dir='ltr'>monuisse</span> <span class='ocrx_word' id='word_1_113' title='bbox 1254 1237 1265 1256; x_wconf 59' lang='lat'>2</span> <span class='ocrx_word' id='word_1_114' title='bbox 1296 1211 1344 1246; x_wconf 88' lang='lat' dir='ltr'>ut</span> <span class='ocrx_word' id='word_1_115' title='bbox 1371 1217 1458 1247; x_wconf 90' lang='lat' dir='ltr'>non</span> <span class='ocrx_word' id='word_1_116' title='bbox 1481 1201 1581 1248; x_wconf 87' lang='lat' dir='ltr'>inde</span> <span class='ocrx_word' id='word_1_117' title='bbox 1611 1201 1696 1248; x_wconf 90' lang='lat' dir='ltr'>sint</span> <span class='ocrx_word' id='word_1_118' title='bbox 1756 1215 1758 1271; x_wconf 65' lang='lat' dir='ltr'>j</span> 
     </span>
    </p>
   </div>
   <div class='ocr_carea' id='block_1_5' title="bbox 326 1270 1758 1404">
    <p class='ocr_par' dir='ltr' id='par_1_6' title="bbox 326 1270 1758 1404">
     <span class='ocr_line' id='line_1_14' title="bbox 326 1270 1758 1334; baseline 0.002 -19"><span class='ocrx_word' id='word_1_119' title='bbox 326 1270 499 1316; x_wconf 87' lang='lat' dir='ltr'>solliciti</span> <span class='ocrx_word' id='word_1_120' title='bbox 521 1272 628 1317; x_wconf 90' lang='lat' dir='ltr'>servi</span> <span class='ocrx_word' id='word_1_121' title='bbox 652 1275 743 1331; x_wconf 79' lang='lat' dir='ltr'>eJ&#39;us</span> <span class='ocrx_word' id='word_1_122' title='bbox 772 1272 909 1334; x_wconf 84' lang='lat' dir='ltr'>(sicut</span> <span class='ocrx_word' id='word_1_123' title='bbox 931 1271 1038 1317; x_wconf 87' lang='lat' dir='ltr'>dicit</span> <span class='ocrx_word' id='word_1_124' title='bbox 1059 1288 1069 1315; x_wconf 70' lang='grc' dir='ltr'>ε</span> <span class='ocrx_word' id='word_1_125' title='bbox 1098 1292 1118 1312; x_wconf 90' lang='grc'>«</span> <span class='ocrx_word' id='word_1_126' title='bbox 1141 1272 1252 1316; x_wconf 88' lang='lat' dir='ltr'>Cum</span> <span class='ocrx_word' id='word_1_127' title='bbox 1272 1288 1348 1316; x_wconf 89' lang='lat' dir='ltr'>vos</span> <span class='ocrx_word' id='word_1_128' title='bbox 1373 1271 1622 1318; x_wconf 75' lang='lat' dir='ltr'>attraxerint</span> <span class='ocrx_word' id='word_1_129' title='bbox 1641 1273 1695 1318; x_wconf 88' lang='lat' dir='ltr'>ad</span> <span class='ocrx_word' id='word_1_130' title='bbox 1756 1273 1758 1288; x_wconf 83' lang='lat'>¹</span> 
     </span>
     <span class='ocr_line' id='line_1_15' title="bbox 327 1340 1758 1404; baseline 0.001 -19"><span class='ocrx_word' id='word_1_131' title='bbox 327 1360 348 1381; x_wconf 84' lang='lat'>›&gt;</span> <span class='ocrx_word' id='word_1_132' title='bbox 362 1340 553 1399; x_wconf 75' lang='lat' dir='ltr'>judicia,</span> <span class='ocrx_word' id='word_1_133' title='bbox 582 1341 714 1386; x_wconf 85' lang='lat' dir='ltr'>nolite</span> <span class='ocrx_word' id='word_1_134' title='bbox 739 1341 928 1401; x_wconf 85' lang='lat' dir='ltr'>cogitare</span> <span class='ocrx_word' id='word_1_135' title='bbox 954 1341 1060 1404; x_wconf 88' lang='lat' dir='ltr'>quid</span> <span class='ocrx_word' id='word_1_136' title='bbox 1089 1340 1343 1403; x_wconf 77' lang='lat' dir='ltr'>loquamini.</span> <span class='ocrx_word' id='word_1_137' title='bbox 1372 1341 1560 1387; x_wconf 89' lang='lat' dir='ltr'>Dabitur</span> <span class='ocrx_word' id='word_1_138' title='bbox 1578 1342 1692 1387; x_wconf 86' lang='lat' dir='ltr'>enim</span> <span class='ocrx_word' id='word_1_139' title='bbox 1756 1381 1758 1395; x_wconf 89' lang='grc'>,</span> 
     </span>
    </p>
   </div>
   <div class='ocr_carea' id='block_1_6' title="bbox 324 1410 1694 1543">
    <p class='ocr_par' dir='ltr' id='par_1_7' title="bbox 324 1410 1694 1543">
     <span class='ocr_line' id='line_1_16' title="bbox 324 1410 1694 1473; baseline 0.003 -21"><span class='ocrx_word' id='word_1_140' title='bbox 324 1431 346 1452; x_wconf 82' lang='grc'>»</span> <span class='ocrx_word' id='word_1_141' title='bbox 366 1411 489 1456; x_wconf 87' lang='lat' dir='ltr'>vobis</span> <span class='ocrx_word' id='word_1_142' title='bbox 510 1411 557 1455; x_wconf 87' lang='lat' dir='ltr'>in</span> <span class='ocrx_word' id='word_1_143' title='bbox 584 1410 656 1455; x_wconf 87' lang='lat' dir='ltr'>illa</span> <span class='ocrx_word' id='word_1_144' title='bbox 683 1411 790 1456; x_wconf 90' lang='lat' dir='ltr'>hora</span> <span class='ocrx_word' id='word_1_145' title='bbox 816 1411 922 1473; x_wconf 88' lang='lat' dir='ltr'>quid</span> <span class='ocrx_word' id='word_1_146' title='bbox 946 1410 1198 1473; x_wconf 84' lang='lat' dir='ltr'>loquamini.</span> <span class='ocrx_word' id='word_1_147' title='bbox 1232 1411 1329 1454; x_wconf 84' lang='lat' dir='ltr'>Non</span> <span class='ocrx_word' id='word_1_148' title='bbox 1353 1410 1467 1456; x_wconf 87' lang='lat' dir='ltr'>enim</span> <span class='ocrx_word' id='word_1_149' title='bbox 1497 1427 1574 1456; x_wconf 88' lang='lat' dir='ltr'>vos</span> <span class='ocrx_word' id='word_1_150' title='bbox 1595 1411 1694 1456; x_wconf 89' lang='lat' dir='ltr'>estis</span> 
     </span>
     <span class='ocr_line' id='line_1_17' title="bbox 324 1478 1690 1543; baseline 0.003 -22"><span class='ocrx_word' id='word_1_151' title='bbox 324 1501 344 1521; x_wconf 83' lang='grc'><strong><em>»</em></strong></span> <span class='ocrx_word' id='word_1_152' title='bbox 361 1480 438 1543; x_wconf 90' lang='lat' dir='ltr'>qui</span> <span class='ocrx_word' id='word_1_153' title='bbox 460 1479 688 1543; x_wconf 84' lang='lat' dir='ltr'>loquimini</span> <span class='ocrx_word' id='word_1_154' title='bbox 706 1517 716 1535; x_wconf 82' lang='lat'>‚</span> <span class='ocrx_word' id='word_1_155' title='bbox 737 1479 810 1525; x_wconf 88' lang='lat' dir='ltr'>sed</span> <span class='ocrx_word' id='word_1_156' title='bbox 832 1481 1019 1543; x_wconf 80' lang='lat' dir='ltr'>Spiritus</span> <span class='ocrx_word' id='word_1_157' title='bbox 1050 1479 1191 1524; x_wconf 88' lang='lat' dir='ltr'>Patris</span> <span class='ocrx_word' id='word_1_158' title='bbox 1216 1478 1341 1523; x_wconf 90' lang='lat' dir='ltr'>vestri</span> <span class='ocrx_word' id='word_1_159' title='bbox 1358 1515 1369 1534; x_wconf 73' lang='lat'><em>‚</em></span> <span class='ocrx_word' id='word_1_160' title='bbox 1398 1479 1474 1542; x_wconf 88' lang='lat' dir='ltr'>qui</span> <span class='ocrx_word' id='word_1_161' title='bbox 1497 1479 1690 1543; x_wconf 89' lang='lat' dir='ltr'>loquitur</span> 
     </span>
    </p>
   </div>
   <div class='ocr_carea' id='block_1_7' title="bbox 321 1549 1758 1825">
    <p class='ocr_par' dir='ltr' id='par_1_8' title="bbox 321 1549 1758 1825">
     <span class='ocr_line' id='line_1_18' title="bbox 322 1549 1758 1615; baseline 0.001 -19"><span class='ocrx_word' id='word_1_162' title='bbox 322 1571 343 1591; x_wconf 69' lang='grc' dir='ltr'><strong>υ</strong></span> <span class='ocrx_word' id='word_1_163' title='bbox 364 1551 409 1596; x_wconf 90' lang='lat' dir='ltr'>in</span> <span class='ocrx_word' id='word_1_164' title='bbox 433 1549 599 1597; x_wconf 79' lang='lat' dir='ltr'>vobis1.</span> <span class='ocrx_word' id='word_1_165' title='bbox 626 1572 646 1592; x_wconf 91' lang='lat'>»</span> <span class='ocrx_word' id='word_1_166' title='bbox 672 1551 822 1597; x_wconf 89' lang='lat' dir='ltr'>Sermo</span> <span class='ocrx_word' id='word_1_167' title='bbox 846 1551 1012 1615; x_wconf 85' lang='lat' dir='ltr'>quippe</span> <span class='ocrx_word' id='word_1_168' title='bbox 1045 1550 1266 1613; x_wconf 77' lang='lat' dir='ltr'>sapientiae</span> <span class='ocrx_word' id='word_1_169' title='bbox 1295 1549 1499 1613; x_wconf 86' lang='lat' dir='ltr'>spiritalis</span> <span class='ocrx_word' id='word_1_170' title='bbox 1527 1561 1612 1607; x_wconf 79' lang='lat' dir='ltr'>est,</span> <span class='ocrx_word' id='word_1_171' title='bbox 1636 1551 1689 1597; x_wconf 88' lang='lat' dir='ltr'>de</span> <span class='ocrx_word' id='word_1_172' title='bbox 1756 1573 1758 1578; x_wconf 55' lang='lat'><strong><em>⁴</em></strong></span> 
     </span>
     <span class='ocr_line' id='line_1_19' title="bbox 321 1618 1758 1685; baseline 0.001 -19"><span class='ocrx_word' id='word_1_173' title='bbox 321 1637 409 1685; x_wconf 90' lang='lat' dir='ltr'>quo</span> <span class='ocrx_word' id='word_1_174' title='bbox 435 1620 530 1666; x_wconf 90' lang='lat' dir='ltr'>illos</span> <span class='ocrx_word' id='word_1_175' title='bbox 553 1618 693 1667; x_wconf 82' lang='lat' dir='ltr'>noluit</span> <span class='ocrx_word' id='word_1_176' title='bbox 710 1621 897 1681; x_wconf 84' lang='lat' dir='ltr'>cogitare</span> <span class='ocrx_word' id='word_1_177' title='bbox 916 1658 926 1677; x_wconf 90' lang='lat'><strong>‚</strong></span> <span class='ocrx_word' id='word_1_178' title='bbox 947 1620 1203 1685; x_wconf 84' lang='lat' dir='ltr'>promittens</span> <span class='ocrx_word' id='word_1_179' title='bbox 1223 1619 1341 1682; x_wconf 89' lang='lat' dir='ltr'>quod</span> <span class='ocrx_word' id='word_1_180' title='bbox 1371 1619 1428 1666; x_wconf 90' lang='lat' dir='ltr'>eis</span> <span class='ocrx_word' id='word_1_181' title='bbox 1454 1620 1566 1666; x_wconf 86' lang='lat' dir='ltr'>nihil</span> <span class='ocrx_word' id='word_1_182' title='bbox 1589 1620 1690 1667; x_wconf 86' lang='lat' dir='ltr'>inde</span> <span class='ocrx_word' id='word_1_183' title='bbox 1756 1642 1758 1653; x_wconf 78' lang='lat'><em>=</em></span> 
     </span>
     <span class='ocr_line' id='line_1_20' title="bbox 321 1690 1758 1755; baseline 0 -18"><span class='ocrx_word' id='word_1_184' title='bbox 321 1691 513 1737; x_wconf 88' lang='lat' dir='ltr'>sollicitis</span> <span class='ocrx_word' id='word_1_185' title='bbox 538 1692 863 1755; x_wconf 79' lang='lat' dir='ltr'>praestaretur).</span> <span class='ocrx_word' id='word_1_186' title='bbox 892 1690 1149 1755; x_wconf 88' lang='lat' dir='ltr'>Apostolum</span> <span class='ocrx_word' id='word_1_187' title='bbox 1168 1700 1309 1736; x_wconf 85' lang='lat' dir='ltr'>autem</span> <span class='ocrx_word' id='word_1_188' title='bbox 1321 1694 1414 1750; x_wconf 84' lang='lat' dir='ltr'>jam</span> <span class='ocrx_word' id='word_1_189' title='bbox 1430 1706 1549 1737; x_wconf 90' lang='lat' dir='ltr'>more</span> <span class='ocrx_word' id='word_1_190' title='bbox 1568 1707 1689 1755; x_wconf 85' lang='lat' dir='ltr'>apos·</span> <span class='ocrx_word' id='word_1_191' title='bbox 1756 1723 1758 1749; x_wconf 53' lang='lat'><em>2</em></span> 
     </span>
     <span class='ocr_line' id='line_1_21' title="bbox 321 1760 1758 1825; baseline 0.001 -18"><span class='ocrx_word' id='word_1_192' title='bbox 321 1761 451 1807; x_wconf 90' lang='lat' dir='ltr'>tolico</span> <span class='ocrx_word' id='word_1_193' title='bbox 475 1761 663 1825; x_wconf 80' lang='lat' dir='ltr'>apertius</span> <span class='ocrx_word' id='word_1_194' title='bbox 689 1761 963 1807; x_wconf 85' lang='lat' dir='ltr'>disserentem</span> <span class='ocrx_word' id='word_1_195' title='bbox 985 1798 995 1817; x_wconf 82' lang='grc'>,</span> <span class='ocrx_word' id='word_1_196' title='bbox 1021 1770 1064 1806; x_wconf 87' lang='lat' dir='ltr'>et</span> <span class='ocrx_word' id='word_1_197' title='bbox 1083 1760 1218 1820; x_wconf 84' lang='lat' dir='ltr'>magis</span> <span class='ocrx_word' id='word_1_198' title='bbox 1234 1760 1412 1825; x_wconf 89' lang='lat' dir='ltr'>proprie</span> <span class='ocrx_word' id='word_1_199' title='bbox 1426 1777 1558 1824; x_wconf 88' lang='lat' dir='ltr'>quam</span> <span class='ocrx_word' id='word_1_200' title='bbox 1582 1762 1690 1822; x_wconf 86' lang='lat' dir='ltr'>figu·</span> <span class='ocrx_word' id='word_1_201' title='bbox 1757 1807 1758 1811; x_wconf 71' lang='grc'>,</span> 
     </span>
    </p>
   </div>
   <div class='ocr_carea' id='block_1_8' title="bbox 1757 1294 1758 1800">
    <p class='ocr_par' dir='ltr' id='par_1_9' title="bbox 1757 1294 1758 1800">
     <span class='ocr_line' id='line_1_22' title="bbox 1757 1294 1758 1800; baseline 0 0"><span class='ocrx_word' id='word_1_202' title='bbox 1757 1294 1758 1800; x_wconf 95' lang='lat' dir='ltr'> </span> 
     </span>
    </p>
   </div>
   <div class='ocr_carea' id='block_1_9' title="bbox 320 1831 1758 1966">
    <p class='ocr_par' dir='ltr' id='par_1_10' title="bbox 320 1831 1758 1966">
     <span class='ocr_line' id='line_1_23' title="bbox 320 1831 1758 1895; baseline 0.001 -19"><span class='ocrx_word' id='word_1_203' title='bbox 320 1842 412 1877; x_wconf 86' lang='lat' dir='ltr'>rate</span> <span class='ocrx_word' id='word_1_204' title='bbox 436 1832 685 1895; x_wconf 74' lang='lat' dir='ltr'>loquentem</span> <span class='ocrx_word' id='word_1_205' title='bbox 705 1869 716 1880; x_wconf 82' lang='grc'>,</span> <span class='ocrx_word' id='word_1_206' title='bbox 746 1832 856 1877; x_wconf 91' lang='lat' dir='ltr'>sicut</span> <span class='ocrx_word' id='word_1_207' title='bbox 878 1832 1015 1877; x_wconf 88' lang='lat' dir='ltr'>multa</span> <span class='ocrx_word' id='word_1_208' title='bbox 1041 1847 1090 1875; x_wconf 90' lang='lat' dir='ltr'>ac</span> <span class='ocrx_word' id='word_1_209' title='bbox 1113 1847 1222 1893; x_wconf 85' lang='lat' dir='ltr'>pene</span> <span class='ocrx_word' id='word_1_210' title='bbox 1246 1831 1392 1875; x_wconf 87' lang='lat' dir='ltr'>omnia</span> <span class='ocrx_word' id='word_1_211' title='bbox 1414 1847 1499 1876; x_wconf 85' lang='lat' dir='ltr'>sese</span> <span class='ocrx_word' id='word_1_212' title='bbox 1524 1831 1692 1877; x_wconf 87' lang='lat' dir='ltr'>habent</span> <span class='ocrx_word' id='word_1_213' title='bbox 1756 1835 1758 1865; x_wconf 46' lang='grc' dir='ltr'><em>ἒ</em></span> 
     </span>
     <span class='ocr_line' id='line_1_24' title="bbox 320 1901 1691 1966; baseline -0.001 -18"><span class='ocrx_word' id='word_1_214' title='bbox 320 1903 365 1948; x_wconf 87' lang='lat' dir='ltr'>in</span> <span class='ocrx_word' id='word_1_215' title='bbox 384 1902 586 1966; x_wconf 88' lang='lat' dir='ltr'>Epistolis</span> <span class='ocrx_word' id='word_1_216' title='bbox 611 1902 859 1965; x_wconf 82' lang='lat' dir='ltr'>apostolicis</span> <span class='ocrx_word' id='word_1_217' title='bbox 879 1939 888 1948; x_wconf 94' lang='lat'>.</span> <span class='ocrx_word' id='word_1_218' title='bbox 911 1901 1088 1965; x_wconf 89' lang='lat' dir='ltr'>proprie</span> <span class='ocrx_word' id='word_1_219' title='bbox 1105 1901 1159 1946; x_wconf 92' lang='lat' dir='ltr'>de</span> <span class='ocrx_word' id='word_1_220' title='bbox 1175 1917 1303 1964; x_wconf 89' lang='lat' dir='ltr'>opere</span> <span class='ocrx_word' id='word_1_221' title='bbox 1321 1902 1539 1964; x_wconf 86' lang='lat' dir='ltr'>corporali</span> <span class='ocrx_word' id='word_1_222' title='bbox 1561 1903 1691 1947; x_wconf 87' lang='lat' dir='ltr'>cibo·</span> 
     </span>
    </p>
   </div>
   <div class='ocr_carea' id='block_1_10' title="bbox 318 1971 1692 2174">
    <p class='ocr_par' dir='ltr' id='par_1_11' title="bbox 318 1971 1692 2174">
     <span class='ocr_line' id='line_1_25' title="bbox 323 1971 1690 2037; baseline -0.001 -19"><span class='ocrx_word' id='word_1_223' title='bbox 323 1990 408 2037; x_wconf 91' lang='lat' dir='ltr'>que</span> <span class='ocrx_word' id='word_1_224' title='bbox 437 1973 619 2017; x_wconf 83' lang='lat' dir='ltr'>dixisse:</span> <span class='ocrx_word' id='word_1_225' title='bbox 657 1993 678 2013; x_wconf 92' lang='lat'>«</span> <span class='ocrx_word' id='word_1_226' title='bbox 696 1973 785 2028; x_wconf 84' lang='lat' dir='ltr'>Qui</span> <span class='ocrx_word' id='word_1_227' title='bbox 811 1989 897 2017; x_wconf 89' lang='lat' dir='ltr'>non</span> <span class='ocrx_word' id='word_1_228' title='bbox 922 1971 1017 2016; x_wconf 89' lang='lat' dir='ltr'>vult</span> <span class='ocrx_word' id='word_1_229' title='bbox 1035 1971 1228 2033; x_wconf 81' lang='lat' dir='ltr'>operari,</span> <span class='ocrx_word' id='word_1_230' title='bbox 1264 1987 1353 2015; x_wconf 88' lang='lat' dir='ltr'>non</span> <span class='ocrx_word' id='word_1_231' title='bbox 1381 1971 1616 2017; x_wconf 83' lang='lat' dir='ltr'>manducet</span> <span class='ocrx_word' id='word_1_232' title='bbox 1637 1989 1648 2017; x_wconf 72' lang='grc' dir='ltr'><strong>ε</strong></span> <span class='ocrx_word' id='word_1_233' title='bbox 1670 1993 1690 2013; x_wconf 87' lang='lat'>»</span> 
     </span>
     <span class='ocr_line' id='line_1_26' title="bbox 322 2041 1692 2094; baseline -0.001 -5"><span class='ocrx_word' id='word_1_234' title='bbox 322 2043 573 2089; x_wconf 86' lang='lat' dir='ltr'>redderetur</span> <span class='ocrx_word' id='word_1_235' title='bbox 594 2042 678 2088; x_wconf 90' lang='lat' dir='ltr'>illis</span> <span class='ocrx_word' id='word_1_236' title='bbox 701 2042 837 2088; x_wconf 85' lang='lat' dir='ltr'>dubia</span> <span class='ocrx_word' id='word_1_237' title='bbox 860 2041 1067 2087; x_wconf 88' lang='lat' dir='ltr'>sententia</span> <span class='ocrx_word' id='word_1_238' title='bbox 1091 2057 1239 2086; x_wconf 89' lang='lat' dir='ltr'>eorum</span> <span class='ocrx_word' id='word_1_239' title='bbox 1259 2078 1270 2094; x_wconf 76' lang='grc'>,</span> <span class='ocrx_word' id='word_1_240' title='bbox 1309 2041 1392 2086; x_wconf 90' lang='lat' dir='ltr'>nisi</span> <span class='ocrx_word' id='word_1_241' title='bbox 1423 2051 1578 2087; x_wconf 69' lang='lat' dir='ltr'>caetera</span> <span class='ocrx_word' id='word_1_242' title='bbox 1607 2041 1692 2088; x_wconf 90' lang='lat' dir='ltr'>do-</span> 
     </span>
     <span class='ocr_line' id='line_1_27' title="bbox 318 2111 1692 2174; baseline -0.002 -14"><span class='ocrx_word' id='word_1_243' title='bbox 318 2114 480 2160; x_wconf 89' lang='lat' dir='ltr'>minica</span> <span class='ocrx_word' id='word_1_244' title='bbox 517 2113 649 2158; x_wconf 83' lang='lat' dir='ltr'>verba</span> <span class='ocrx_word' id='word_1_245' title='bbox 683 2112 1030 2168; x_wconf 84' lang='lat' dir='ltr'>considerantes,</span> <span class='ocrx_word' id='word_1_246' title='bbox 1073 2111 1317 2157; x_wconf 85' lang='lat' dir='ltr'>invenirent</span> <span class='ocrx_word' id='word_1_247' title='bbox 1349 2111 1537 2174; x_wconf 89' lang='lat' dir='ltr'>aliquid,</span> <span class='ocrx_word' id='word_1_248' title='bbox 1577 2112 1692 2158; x_wconf 89' lang='lat' dir='ltr'>unde</span> 
     </span>
    </p>
   </div>
   <div class='ocr_carea' id='block_1_11' title="bbox 319 2181 1758 2249">
    <p class='ocr_par' dir='ltr' id='par_1_12' title="bbox 319 2181 1758 2249">
     <span class='ocr_line' id='line_1_28' title="bbox 319 2181 1758 2249; baseline -0.001 -18"><span class='ocrx_word' id='word_1_249' title='bbox 319 2184 557 2249; x_wconf 86' lang='lat' dir='ltr'>probarent</span> <span class='ocrx_word' id='word_1_250' title='bbox 573 2200 672 2228; x_wconf 90' lang='lat' dir='ltr'>eum</span> <span class='ocrx_word' id='word_1_251' title='bbox 691 2183 744 2229; x_wconf 91' lang='lat' dir='ltr'>de</span> <span class='ocrx_word' id='word_1_252' title='bbox 767 2183 887 2229; x_wconf 85' lang='lat' dir='ltr'>victu</span> <span class='ocrx_word' id='word_1_253' title='bbox 912 2193 954 2228; x_wconf 88' lang='lat' dir='ltr'>et</span> <span class='ocrx_word' id='word_1_254' title='bbox 975 2182 1132 2228; x_wconf 85' lang='lat' dir='ltr'>vestitu</span> <span class='ocrx_word' id='word_1_255' title='bbox 1155 2181 1372 2246; x_wconf 88' lang='lat' dir='ltr'>corporali</span> <span class='ocrx_word' id='word_1_256' title='bbox 1389 2199 1477 2227; x_wconf 90' lang='lat' dir='ltr'>non</span> <span class='ocrx_word' id='word_1_257' title='bbox 1498 2182 1692 2229; x_wconf 87' lang='lat' dir='ltr'>curando</span> <span class='ocrx_word' id='word_1_258' title='bbox 1757 2192 1758 2196; x_wconf 78' lang='grc'>’</span> 
     </span>
    </p>
   </div>
   <div class='ocr_carea' id='block_1_12' title="bbox 318 2251 1694 2458">
    <p class='ocr_par' dir='ltr' id='par_1_13' title="bbox 318 2251 1694 2458">
     <span class='ocr_line' id='line_1_29' title="bbox 320 2251 1694 2317; baseline -0.001 -17"><span class='ocrx_word' id='word_1_259' title='bbox 320 2256 515 2301; x_wconf 91' lang='lat' dir='ltr'>locutum</span> <span class='ocrx_word' id='word_1_260' title='bbox 540 2253 666 2299; x_wconf 85' lang='lat' dir='ltr'>fuisse</span> <span class='ocrx_word' id='word_1_261' title='bbox 684 2290 695 2310; x_wconf 84' lang='lat'>‚</span> <span class='ocrx_word' id='word_1_262' title='bbox 721 2269 823 2299; x_wconf 91' lang='lat' dir='ltr'>cum</span> <span class='ocrx_word' id='word_1_263' title='bbox 844 2253 1006 2299; x_wconf 82' lang='lat' dir='ltr'>diceret</span> <span class='ocrx_word' id='word_1_264' title='bbox 1031 2271 1041 2298; x_wconf 74' lang='grc' dir='ltr'>ε</span> <span class='ocrx_word' id='word_1_265' title='bbox 1073 2273 1095 2295; x_wconf 88' lang='grc'>«</span> <span class='ocrx_word' id='word_1_266' title='bbox 1117 2252 1260 2299; x_wconf 85' lang='lat' dir='ltr'>Nolite</span> <span class='ocrx_word' id='word_1_267' title='bbox 1283 2251 1454 2298; x_wconf 86' lang='lat' dir='ltr'>solliciti</span> <span class='ocrx_word' id='word_1_268' title='bbox 1483 2269 1568 2298; x_wconf 89' lang='lat' dir='ltr'>esse</span> <span class='ocrx_word' id='word_1_269' title='bbox 1585 2253 1694 2317; x_wconf 90' lang='lat' dir='ltr'>quid</span> 
     </span>
     <span class='ocr_line' id='line_1_30' title="bbox 318 2322 1693 2386; baseline 0.001 -19"><span class='ocrx_word' id='word_1_270' title='bbox 318 2345 341 2368; x_wconf 77' lang='lat'>»</span> <span class='ocrx_word' id='word_1_271' title='bbox 359 2323 629 2371; x_wconf 87' lang='lat' dir='ltr'>manducetis</span> <span class='ocrx_word' id='word_1_272' title='bbox 643 2360 654 2380; x_wconf 83' lang='grc'>,</span> <span class='ocrx_word' id='word_1_273' title='bbox 673 2333 715 2368; x_wconf 87' lang='lat' dir='ltr'>et</span> <span class='ocrx_word' id='word_1_274' title='bbox 731 2323 837 2386; x_wconf 90' lang='lat' dir='ltr'>quid</span> <span class='ocrx_word' id='word_1_275' title='bbox 862 2324 1045 2380; x_wconf 80' lang='lat' dir='ltr'>bibatis,</span> <span class='ocrx_word' id='word_1_276' title='bbox 1069 2333 1110 2369; x_wconf 86' lang='lat' dir='ltr'>et</span> <span class='ocrx_word' id='word_1_277' title='bbox 1129 2340 1216 2386; x_wconf 88' lang='lat' dir='ltr'>quo</span> <span class='ocrx_word' id='word_1_278' title='bbox 1232 2322 1476 2368; x_wconf 84' lang='lat' dir='ltr'>vestiamini</span> <span class='ocrx_word' id='word_1_279' title='bbox 1500 2339 1511 2367; x_wconf 88' lang='lat'><strong>:</strong></span> <span class='ocrx_word' id='word_1_280' title='bbox 1536 2343 1557 2364; x_wconf 87' lang='lat'>»</span> <span class='ocrx_word' id='word_1_281' title='bbox 1575 2323 1693 2369; x_wconf 86' lang='lat' dir='ltr'>velut</span> 
     </span>
     <span class='ocr_line' id='line_1_31' title="bbox 318 2393 1692 2458; baseline -0.001 -17"><span class='ocrx_word' id='word_1_282' title='bbox 318 2396 353 2442; x_wconf 85' lang='lat' dir='ltr'>si</span> <span class='ocrx_word' id='word_1_283' title='bbox 377 2395 522 2441; x_wconf 89' lang='lat' dir='ltr'>animo</span> <span class='ocrx_word' id='word_1_284' title='bbox 540 2394 810 2440; x_wconf 87' lang='lat' dir='ltr'>adverterent</span> <span class='ocrx_word' id='word_1_285' title='bbox 824 2394 943 2458; x_wconf 88' lang='lat' dir='ltr'>quod</span> <span class='ocrx_word' id='word_1_286' title='bbox 964 2394 1021 2440; x_wconf 87' lang='lat' dir='ltr'>ait</span> <span class='ocrx_word' id='word_1_287' title='bbox 1043 2411 1054 2439; x_wconf 72' lang='grc' dir='ltr'>ι</span> <span class='ocrx_word' id='word_1_288' title='bbox 1083 2415 1104 2435; x_wconf 86' lang='lat'>«</span> <span class='ocrx_word' id='word_1_289' title='bbox 1120 2395 1230 2440; x_wconf 80' lang='lat' dir='ltr'>Haec</span> <span class='ocrx_word' id='word_1_290' title='bbox 1249 2393 1364 2438; x_wconf 89' lang='lat' dir='ltr'>enim</span> <span class='ocrx_word' id='word_1_291' title='bbox 1385 2393 1529 2438; x_wconf 82' lang='lat' dir='ltr'>omnia</span> <span class='ocrx_word' id='word_1_292' title='bbox 1548 2404 1692 2453; x_wconf 86' lang='lat' dir='ltr'>gentes</span> 
     </span>
    </p>
   </div>
   <div class='ocr_carea' id='block_1_13' title="bbox 319 2462 1758 2529">
    <p class='ocr_par' dir='ltr' id='par_1_14' title="bbox 319 2462 1758 2529">
     <span class='ocr_line' id='line_1_32' title="bbox 319 2462 1758 2529; baseline 0 -20"><span class='ocrx_word' id='word_1_293' title='bbox 319 2488 340 2509; x_wconf 85' lang='lat'>»</span> <span class='ocrx_word' id='word_1_294' title='bbox 360 2465 589 2529; x_wconf 85' lang='lat' dir='ltr'>inquirunt</span> <span class='ocrx_word' id='word_1_295' title='bbox 609 2482 621 2509; x_wconf 75' lang='lat' dir='ltr'>t</span> <span class='ocrx_word' id='word_1_296' title='bbox 643 2486 664 2506; x_wconf 62' lang='grc' dir='ltr'>ι)</span> <span class='ocrx_word' id='word_1_297' title='bbox 686 2465 751 2510; x_wconf 90' lang='lat' dir='ltr'>ibi</span> <span class='ocrx_word' id='word_1_298' title='bbox 774 2465 888 2510; x_wconf 89' lang='lat' dir='ltr'>enim</span> <span class='ocrx_word' id='word_1_299' title='bbox 914 2465 1101 2511; x_wconf 89' lang='lat' dir='ltr'>ostendit</span> <span class='ocrx_word' id='word_1_300' title='bbox 1124 2464 1180 2510; x_wconf 94' lang='lat' dir='ltr'>de</span> <span class='ocrx_word' id='word_1_301' title='bbox 1203 2463 1306 2527; x_wconf 86' lang='lat' dir='ltr'>ipsis</span> <span class='ocrx_word' id='word_1_302' title='bbox 1328 2462 1633 2526; x_wconf 88' lang='lat' dir='ltr'>corporalibus</span> <span class='ocrx_word' id='word_1_303' title='bbox 1651 2474 1693 2509; x_wconf 90' lang='lat' dir='ltr'>et</span> <span class='ocrx_word' id='word_1_304' title='bbox 1757 2513 1758 2517; x_wconf 41' lang='lat'>,</span> 
     </span>
    </p>
   </div>
   <div class='ocr_carea' id='block_1_14' title="bbox 320 2532 1693 2731">
    <p class='ocr_par' dir='ltr' id='par_1_15' title="bbox 320 2532 1693 2731">
     <span class='ocr_line' id='line_1_33' title="bbox 320 2532 1693 2599; baseline -0.002 -17"><span class='ocrx_word' id='word_1_305' title='bbox 320 2535 637 2599; x_wconf 86' lang='lat' dir='ltr'>temporalibus</span> <span class='ocrx_word' id='word_1_306' title='bbox 656 2551 698 2580; x_wconf 93' lang='lat' dir='ltr'>se</span> <span class='ocrx_word' id='word_1_307' title='bbox 717 2534 879 2582; x_wconf 83' lang='lat' dir='ltr'>dixisse.</span> <span class='ocrx_word' id='word_1_308' title='bbox 912 2535 978 2580; x_wconf 88' lang='lat' dir='ltr'>Ita</span> <span class='ocrx_word' id='word_1_309' title='bbox 1002 2551 1103 2595; x_wconf 85' lang='lat' dir='ltr'>ergo</span> <span class='ocrx_word' id='word_1_310' title='bbox 1117 2572 1127 2590; x_wconf 90' lang='lat'><strong>‚</strong></span> <span class='ocrx_word' id='word_1_311' title='bbox 1151 2534 1184 2580; x_wconf 87' lang='lat' dir='ltr'>si</span> <span class='ocrx_word' id='word_1_312' title='bbox 1207 2534 1293 2580; x_wconf 87' lang='lat' dir='ltr'>hoc</span> <span class='ocrx_word' id='word_1_313' title='bbox 1314 2532 1454 2579; x_wconf 89' lang='lat' dir='ltr'>solum</span> <span class='ocrx_word' id='word_1_314' title='bbox 1475 2532 1530 2578; x_wconf 91' lang='lat' dir='ltr'>de</span> <span class='ocrx_word' id='word_1_315' title='bbox 1548 2533 1632 2580; x_wconf 89' lang='lat' dir='ltr'>hac</span> <span class='ocrx_word' id='word_1_316' title='bbox 1648 2551 1693 2579; x_wconf 90' lang='lat' dir='ltr'>re</span> 
     </span>
     <span class='ocr_line' id='line_1_34' title="bbox 321 2603 1689 2669; baseline -0.001 -16"><span class='ocrx_word' id='word_1_317' title='bbox 321 2607 493 2653; x_wconf 82' lang='lat' dir='ltr'>dixisset</span> <span class='ocrx_word' id='word_1_318' title='bbox 517 2605 749 2669; x_wconf 82' lang='lat' dir='ltr'>Apostolus</span> <span class='ocrx_word' id='word_1_319' title='bbox 769 2623 779 2652; x_wconf 72' lang='grc' dir='ltr'>ς</span> <span class='ocrx_word' id='word_1_320' title='bbox 803 2627 824 2648; x_wconf 87' lang='grc'>«</span> <span class='ocrx_word' id='word_1_321' title='bbox 845 2605 934 2666; x_wconf 84' lang='lat' dir='ltr'>Qui</span> <span class='ocrx_word' id='word_1_322' title='bbox 953 2623 1039 2653; x_wconf 88' lang='lat' dir='ltr'>non</span> <span class='ocrx_word' id='word_1_323' title='bbox 1055 2605 1149 2652; x_wconf 89' lang='lat' dir='ltr'>vult</span> <span class='ocrx_word' id='word_1_324' title='bbox 1171 2604 1342 2669; x_wconf 88' lang='lat' dir='ltr'>operari</span> <span class='ocrx_word' id='word_1_325' title='bbox 1360 2641 1372 2662; x_wconf 85' lang='lat'>‚</span> <span class='ocrx_word' id='word_1_326' title='bbox 1403 2619 1489 2651; x_wconf 87' lang='lat' dir='ltr'>non</span> <span class='ocrx_word' id='word_1_327' title='bbox 1507 2603 1689 2651; x_wconf 88' lang='lat' dir='ltr'>mandu-</span> 
     </span>
     <span class='ocr_line' id='line_1_35' title="bbox 370 2689 718 2731; baseline -0.006 -8"><span class='ocrx_word' id='word_1_328' title='bbox 370 2689 518 2724; x_wconf 55' lang='lat' dir='ltr'>¹w1anh.</span> <span class='ocrx_word' id='word_1_329' title='bbox 539 2700 571 2730; x_wconf 75' lang='lat' dir='ltr'>x,</span> <span class='ocrx_word' id='word_1_330' title='bbox 595 2700 647 2731; x_wconf 83' lang='lat'>19,</span> <span class='ocrx_word' id='word_1_331' title='bbox 666 2699 718 2721; x_wconf 68' lang='lat' dir='ltr'>ao.</span> 
     </span>
    </p>
   </div>
  </div>
 </body>
</html>
