1758 3246
320 283 409 339 [βῆ
739 294 773 324 s.
816 293 1060 323 Asclfsrixi
1098 293 1297 324 11r1scor1

312 365 438 410 nobis
464 361 643 408 credant
661 398 673 418 ,
706 361 793 407 sine
828 361 1097 406 excusatione
1124 360 1380 421 ignorantia}
1405 361 1691 425 blasphema-

314 452 425 481 mus.
461 435 610 498 Neque
639 432 751 478 enim
794 431 1063 488 catholicus,
1102 432 1177 496 qui
1213 431 1562 494 blasphemando
1595 434 1690 481 vult

310 505 544 552 haereticus
564 503 711 560 credi,
738 513 879 566 potest
904 502 1044 547 dicere
1067 520 1076 547 :
1109 523 1129 544 «
1154 504 1363 562 Ignorans
1386 501 1482 549 feci.
1506 524 1527 545 2>

375 579 429 624 X.
473 577 676 639 Semper,
701 574 832 620 frater
850 611 861 630 ,
883 573 927 618 in
946 573 1107 618 talibus
1139 574 1276 619 causis
1308 589 1409 618 cum
1436 574 1590 621 timore
1615 592 1689 621 re-

308 647 541 695 colendum
565 657 627 692 est
649 664 659 690 :
696 668 716 687 α
739 645 1018 707 Quicumque
1034 661 1101 689 me
1131 643 1350 703 negaverit
1380 661 1525 690 coram
1541 645 1692 692 homi-
1756 681 1758 688 Α

308 743 332 764 »
352 720 498 775 nibus,
513 718 679 777 negabo
693 734 791 763 eum
804 733 948 762 coram
969 717 1097 760 Patre
1123 731 1216 760 meo
1245 714 1376 777 quiin
1396 715 1517 762 coelis
1540 716 1641 764 est¹.
1666 737 1688 758 »

309 813 331 834 >1
348 793 415 837 An
434 806 535 836 vero
556 787 782 833 Christum
799 803 944 832 coram
960 785 1217 830 hominibus
1234 801 1318 830 non
1335 796 1478 845 negat,
1496 787 1571 849 qui
1589 804 1688 833 eum

315 877 462 907 coram
502 857 838 904 Priscillianistis
872 865 1021 915 negat,
1061 864 1108 900 ut
1125 871 1196 900 eos
1231 853 1412 900 latentes
1428 854 1688 920 blasphemo

301 928 528 978 mendacio
549 927 687 974 nudet
714 938 756 973 et
780 926 952 991 capiat?
980 925 1088 982 Quis
1115 935 1259 970 autem
1289 924 1490 983 dubitat,
1508 927 1687 972 obsecro

303 1014 343 1048 te
357 1039 368 1059 ,
389 1000 535 1060 negari
557 999 801 1054 Christum,
828 1015 928 1043 cum
950 996 1077 1042 sicuti
1101 1006 1162 1041 est
1181 1012 1307 1042 verus
1322 995 1383 1041 ita
1400 1013 1487 1042 non
1505 1006 1595 1043 esse'
1623 997 1688 1044 di-

300 1073 443 1126 citur3
472 1081 514 1116 et
547 1070 658 1116 sicut
687 1086 783 1114 eum
811 1066 1136 1113 Priscillianista
1155 1065 1292 1111 credit
1310 1065 1367 1110 ita
1391 1083 1476 1111 esse
1506 1066 1680 1114 dieitur.

380 1143 460 1188 XI.
505 1140 599 1201 Sed·
625 1139 826 1185 occultos
861 1137 1012 1201 lupos,
1049 1137 1238 1199 inquieS,
1286 1135 1463 1181 indutos
1500 1136 1688 1200 pellibus

312 1215 459 1261 ovium
482 1223 523 1257 et
541 1211 812 1257 dominicum
831 1225 999 1268 gregem
1020 1208 1203 1252 latenter
1222 1207 1494 1269 graviterque
1511 1218 1687 1254 vastan-

308 1297 370 1331 tes
387 1322 398 1341 ,
427 1283 550 1329 aliter
586 1281 778 1327 invenire
807 1296 894 1324 non
925 1293 1154 1341 possumus
1177 1293 1187 1320 ε
1212 1275 1337 1320 [inde
1356 1294 1455 1335 ergo
1482 1277 1687 1324 innotue-

307 1366 412 1402 runt
435 1352 800 1407 Priscillianistae,
827 1349 948 1413 prius
969 1365 1099 1412 quam
1132 1347 1267 1406 hujus
1291 1346 1509 1392 mendacii
1536 1347 1686 1394 suisset

301 1425 539 1485 excogitata
561 1421 758 1468 venatio>
779 1419 894 1465 unde
920 1418 974 1464 ad
991 1417 1128 1480 ipsius
1153 1415 1342 1461 auctoris
1366 1415 1560 1471 illorum,
1585 1435 1686 1481 pro-

305 1499 419 1543 seclo
444 1493 660 1540 astutioris
676 1529 686 1548 ,
709 1502 751 1536 et
769 1490 864 1536 ideo
884 1488 1075 1534 tectioris
1093 1524 1104 1542 ‚
1140 1485 1286 1531 cubile
1311 1497 1569 1549 perventum
1592 1492 1686 1535 est?

303 1567 419 1614 unde
444 1576 508 1611 tot
534 1564 727 1626 tantique
760 1559 1021 1607 manifestati
1056 1568 1186 1621 atque
1218 1556 1442 1614 damnati,
1475 1568 1518 1603 et
1539 1559 1685 1604 caeteri

303 1634 640 1686 innumerabiles
667 1632 827 1697 partim
849 1629 1033 1676 correcti
1054 1666 1064 1685 ,
1090 1626 1254 1692 partim
1276 1625 1397 1672 velut
1417 1630 1622 1685 correcti,
1645 1640 1687 1675 et

303 1711 349 1755 in
375 1706 613 1754 Ecclesiam
632 1704 906 1750 miserantem
932 1699 1104 1745 collecti
1118 1700 1250 1744 sunt?
1277 1697 1438 1743 Multas
1456 1699 1571 1744 enim
1596 1699 1687 1745 vias

307 1781 384 1826 dat
407 1778 644 1832 Dominus,
670 1774 845 1839 quando
874 1773 1100 1818 miseretur
1118 1807 1128 1825 ‚
1153 1768 1316 1832 quibus
1336 1768 1389 1814 ad
1413 1786 1560 1814 eorum
1581 1787 1687 1832 per-

303 1850 500 1897 veniatur
524 1847 773 1906 indaginem
798 1862 809 1890 ι
844 1859 1032 1907 quarum
1061 1840 1163 1886 duae
1196 1849 1295 1885 sunt
1330 1838 1423 1884 aliis
1448 1839 1681 1897 feliciores,

306 1934 355 1967 ut
386 1920 452 1966 vel
487 1919 540 1965 ab
566 1919 623 1964 eis
654 1934 763 1980 quos
795 1914 997 1960 seducere
1020 1910 1254 1957 voluerunt
1278 1927 1288 1954 :
1317 1920 1391 1955 aut
1414 1910 1468 1956 ab
1491 1911 1548 1956 eis
1578 1928 1687 1975 quos

299 1998 392 2054 jam
422 1991 698 2044 sediuerant,
731 1984 1082 2050 resipiscentibus
1112 1980 1415 2044 conversisque
1442 1993 1686 2028 monstren-

305 2076 391 2111 tur.
422 2060 553 2119 Quod
576 2059 745 2105 facilius
763 2059 812 2104 fit
832 2094 842 2113 ,
866 2056 900 2102 si
927 2054 1114 2101 nefarius
1133 2069 1281 2098 eorum
1300 2069 1438 2114 error,
1462 2070 1551 2099 non
1568 2071 1686 2100 men-

308 2133 493 2180 dacibus
539 2129 887 2193 captationibus,
931 2125 1005 2172 sed
1049 2122 1280 2169 veracibus
1318 2121 1686 2186 disputationibus

309 2213 539 2250 evertatur.
571 2200 745 2256 Quibus
773 2194 1101 2244 conscribendis
1131 2209 1307 2257 operam
1340 2204 1380 2238 te
1403 2205 1577 2257 oportet
1597 2194 1686 2240 im-

307 2272 527 2338 pendere,
566 2268 772 2333 quoniam
813 2266 1024 2312 Dominus
1059 2262 1240 2309 donavit
1281 2272 1330 2308 ut
1365 2263 1501 2326 possis
1538 2281 1549 2308 ε
1585 2280 1686 2328 quae

309 2344 471 2407 scripta
489 2340 680 2387 salubria
700 2339 862 2403 quibus
880 2353 1029 2382 eorum
1056 2333 1312 2398 perversitas
1328 2333 1478 2379 insana
1496 2333 1686 2380 destrui-

311 2426 410 2468 tur,
447 2429 548 2459 cum
580 2410 714 2470 magis
748 2409 971 2470 magisque
1003 2404 1300 2460 innotuerint,
1331 2415 1373 2449 et
1404 2422 1427 2449 a
1459 2404 1686 2450 catholicis

309 2486 378 2533 vel
399 2483 664 2531 antistitibus
679 2481 754 2545 qui
771 2480 1013 2544 loquuntur
1030 2477 1076 2522 in
1098 2474 1292 2539 populis,
1312 2474 1379 2521 vel
1400 2493 1422 2520 a
1440 2475 1685 2540 quibusque

315 2554 518 2603 studiosis
548 2552 638 2600 zelo
669 2552 751 2598 Dei
777 2550 940 2615 plenis,
974 2546 1137 2595 fuerint
1166 2562 1477 2609 usquequaque
1503 2545 1683 2602 diffusa3

359 2635 368 2656 ¹
394 2632 514 2665 Mauh.
532 2643 566 2677 x,
585 2634 639 2665 33.
