1758 3246
307 270 399 326 446
716 283 750 313 s.
794 282 1035 314 Anat-snm
1073 284 1274 315 muscom

295 345 497 412 pauperi,
524 346 690 392 furtum
711 357 855 393 tamen
875 348 1094 402 occultat3
1118 349 1152 394 si
1176 359 1319 394 autem
1344 347 1403 393 ita
1431 348 1541 394 nulli
1561 348 1687 394 obes-

290 427 352 463 set
378 415 661 478 etprodesset
700 417 853 467 alicui,
889 428 936 462 ut
961 418 1091 462 etiam
1134 418 1303 463 nullum
1331 429 1564 480 peccatum
1595 435 1682 463 oc-

297 487 481 533 cultaret
502 497 630 549 atque
649 487 912 541 defenderet,
943 498 1070 550 turpe
1095 505 1183 533 uon
1207 500 1325 535 esset.
1355 488 1483 533 Velut
1504 489 1538 533 si
1559 488 1687 550 quis—

297 557 418 621 piam
463 557 696 619 pecuniam
742 574 862 602 suam
909 567 948 602 te
973 557 1146 602 ridente
1173 558 1480 613 absconderet,
1525 575 1578 602 ne
1605 573 1689 620 per
1750 607 1751 610 Ἴ

301 626 470 671 furtum
495 636 568 671 aut
586 626 673 671 vim
695 627 930 681 amitteret,
957 637 1085 689 atque
1112 626 1213 671 inde
1239 628 1526 686 interrogatus
1563 643 1689 670 men-

301 696 466 748 tireris;
487 711 624 757 neque
649 696 817 739 obesses
838 696 1043 758 cuiquam
1062 732 1072 742 .
1104 706 1146 740 et
1168 696 1206 740 ei
1224 696 1446 758 prodesses
1474 695 1547 742 cui
1569 710 1679 757 opus
1756 756 1758 761 Ι

307 776 397 812 erat
428 765 537 810 illud
580 764 800 809 occultum
821 801 831 820 ,
883 775 925 809 et
960 764 1130 810 nullum
1172 777 1401 828 peccatum
1442 763 1689 810 mentiendo
1746 813 1754 819 ι,

307 836 488 881 texisses.
531 836 628 879 Non
663 834 776 879 enim
814 835 1045 897 quisquam
1076 846 1231 897 peccat
1269 835 1575 881 abscondendo
1598 851 1690 879 rem

305 921 426 950 suam
445 941 456 958 ‚
484 920 617 967 quam
640 904 761 948 timet
791 904 998 950 amittere.
1032 904 1116 949 Sed
1140 905 1173 949 si
1213 916 1446 967 propterea
1468 922 1555 950 non
1578 920 1689 966 pec-

304 990 453 1019 camus
476 972 748 1027 mentiendo,
797 973 900 1035 quia
935 973 1095 1018 nullius
1133 985 1364 1036 peccatum
1404 984 1620 1034 tegentes,
1650 983 1692 1017 et

308 1043 419 1089 nulli
442 1043 653 1087 obsumus
670 1079 680 1097 ‚
705 1052 747 1085 et
767 1041 896 1086 alicui
918 1059 1149 1104 prosumus
1166 1080 1176 1097 ,
1201 1044 1309 1105 quid
1337 1044 1500 1103 agimus
1524 1042 1578 1087 de
1595 1043 1689 1104 ipso

310 1122 493 1175 peccato
520 1111 768 1156 mendacii>
795 1112 878 1157 [bi
902 1113 1015 1156 enim
1040 1113 1232 1174 positum
1259 1124 1345 1157 est:
1378 1135 1398 1154 «
1425 1115 1487 1158 Ne
1523 1112 1688 1157 furtum

310 1203 332 1224 »
355 1181 528 1227 feceris:
555 1201 574 1220 ›>
607 1181 670 1225 ibi
696 1181 887 1242 positum
919 1191 1008 1236 est,
1055 1202 1075 1221 «
1106 1182 1168 1226 Ne
1206 1181 1360 1227 falsum
1398 1181 1688 1226 testimonium

311 1274 332 1294 2)
353 1251 507 1296 dixeris
534 1249 566 1296 1.
595 1271 616 1291 υ
643 1252 756 1295 Cum
789 1267 889 1309 ergo
916 1251 1083 1309 singula
1119 1251 1465 1313 prohibeantur,
1502 1267 1583 1295 cur
1604 1249 1691 1294 fal-

309 1338 405 1366 sum
433 1319 725 1365 testimonium
743 1330 848 1364 tunc
867 1330 927 1364 est
948 1320 1170 1382 culpabile
1184 1357 1194 1374 ,
1223 1321 1253 1364 si
1281 1321 1448 1365 furtum
1469 1330 1600 1379 tegat,
1623 1318 1689 1364 vel

310 1389 488 1453 aliquod
514 1388 630 1434 aliud
653 1400 882 1451 peccatum
903 1408 913 1440 3
939 1389 970 1432 si
993 1401 1136 1450 autem
1163 1389 1283 1433 nulla
1309 1389 1551 1433 defensione
1583 1404 1690 1450 pec-

309 1461 394 1505 cati
414 1476 492 1521 per
519 1475 560 1502 se
580 1458 724 1520 ipsum
752 1460 852 1511 siat,
901 1475 987 1502 non
1018 1469 1078 1502 est
1120 1458 1369 1520 culpabile,
1411 1474 1510 1503 cum
1547 1458 1690 1520 ipsum

311 1529 480 1574 furtum
510 1544 590 1590 per
621 1544 663 1572 se
686 1527 910 1590 culpabile
940 1528 1016 1579 sit,
1046 1539 1088 1572 et
1109 1539 1264 1573 caetera
1288 1531 1497 1590 peccata?
1528 1530 1595 1573 An
1618 1544 1688 1572 oc-

314 1600 476 1646 cultare
502 1608 734 1660 peccatum
760 1615 847 1643 non
867 1598 986 1652 licet,
1009 1598 1147 1643 faeere
1164 1598 1296 1643 licet?

376 1670 496 1715 XXI.
529 1667 663 1722 Quod
688 1668 721 1712 si
743 1667 981 1714 absurdum
999 1679 1077 1724 est,
1091 1668 1196 1731 quid
1215 1668 1435 1714 dicemus?
1454 1669 1520 1713 An
1534 1667 1691 1713 falsum

308 1737 605 1785 testimonium
624 1753 713 1781 non
733 1747 819 1790 est,
847 1737 928 1782 nisi
956 1754 1057 1782 cum
1083 1738 1268 1800 quisque
1292 1738 1351 1782 ita
1377 1738 1604 1793 mentitur,
1644 1748 1692 1782 ut

311 1820 387 1856 aut
406 1808 574 1853 crimen
596 1807 819 1865 confingat
838 1807 883 1851 in
904 1806 1108 1870 aliquem,
1131 1818 1206 1853 aut
1232 1807 1415 1866 alicujus
1435 1807 1597 1852 crimen
1619 1824 1690 1852 oc-

311 1879 465 1934 cultet,
492 1887 567 1922 aut
593 1893 771 1939 quoquo
799 1877 930 1922 modo
949 1894 1211 1940 quemquam
1237 1879 1282 1922 in
1297 1878 1467 1937 judicio
1489 1880 1690 1940 premat?

313 1949 498 1994 Videtur
533 1947 648 1991 enim
674 1947 790 1991 testis
820 1946 960 2005 judici
992 1948 1253 1992 necessarius
1282 1948 1334 1992 ad
1358 1963 1500 1992 causae
1531 1947 1684 2006 cogni-

311 2020 488 2064 tionem.
519 2016 603 2061 Sed
623 2016 655 2060 si
667 2017 878 2061 hactenus
894 2028 1041 2061 testem
1065 2018 1292 2080 Scriptura
1310 2017 1571 2072 nominaret,
1597 2033 1686 2062 non

314 2090 476 2135 diceret
517 2086 781 2150 Apostolus:
818 2108 839 2128 «
872 2087 1126 2132 Invenimur
1164 2097 1206 2132 et
1248 2086 1342 2132 falsi
1373 2097 1498 2132 testes
1528 2086 1630 2141 Dei,
1657 2086 1692 2131 si

311 2181 335 2203 2>
360 2156 657 2204 testimonium
687 2155 873 2201 diximus
905 2156 1106 2202 adversus
1143 2157 1299 2213 Deum,
1322 2157 1425 2220 quia
1444 2155 1691 2205 excitaverit

311 2253 334 2274 ))
356 2228 606 2280 Christum,
647 2242 777 2287 quem
817 2242 905 2270 non
940 2225 1141 2272 excitavit
1154 2226 1186 2272 2.
1214 2247 1234 2267 »
1269 2228 1334 2271 lta
1361 2226 1476 2270 enim
1505 2223 1691 2269 ostendit

311 2299 466 2346 falsum
500 2295 794 2340 testimouium
831 2312 918 2340 esse
956 2295 1253 2352 mendacium,
1279 2295 1446 2340 etiamsi
1473 2294 1517 2339 in
1549 2296 1690 2352 cujus-

311 2386 443 2435 quam
466 2366 571 2411 falsa
588 2364 716 2410 laude
744 2364 930 2411 dicatur.
962 2368 1028 2411 An
1044 2365 1154 2410 forte
1175 2377 1279 2410 tunc
1296 2365 1404 2410 dicit
1427 2363 1581 2409 falsum
1605 2373 1690 2408 tes-

310 2438 544 2487 timonium
575 2435 653 2498 qui
678 2435 903 2490 mentitur,
930 2451 1031 2480 cum
1061 2445 1134 2480 aut
1159 2445 1391 2497 peccatum
1420 2432 1601 2491 alicujus
1623 2431 1691 2477 vel

312 2509 440 2570 fingit
460 2505 530 2554 vel
556 2505 686 2565 tegit,
716 2515 789 2550 aut
826 2504 956 2550 alicui
979 2506 1104 2551 obest
1121 2520 1299 2568 quoquo
1319 2503 1483 2550 modo?
1506 2503 1552 2548 Si
1573 2501 1689 2548 enim

361 2590 489 2627 ⁸Ex9d.
506 2599 563 2629 xx,
586 2589 640 2622 16.
661 2586 739 2614 ...2
761 2589 868 2621 rcor.
882 2598 936 2628 xv,
954 2589 1010 2621 15.
