1758 3246
666 337 819 368 lxnssx.
1343 325 1436 372 635

113 404 255 445 adeoque
271 402 406 444 nuptias.
418 411 494 444 quas
507 401 829 433 olim'neccssariasad
843 401 1080 443 propagandum
1095 403 1151 435 Dei
1167 404 1328 446 populum.

113 456 170 487 per
186 456 279 487 quem
294 445 438 477 Christus
463 445 706 486 prophetaretur
720 450 752 476 et
764 450 959 484 nasceretur,
977 445 1006 475 iu
1026 456 1080 476 usu
1096 446 1212 478 habere
1228 449 1328 480 sancti

114 488 305 522 debuerunt,
324 499 407 519 nunc
422 488 574 529 temporis
602 493 768 528 postquam
785 487 903 518 dictum
919 493 964 518 est
979 498 985 517 :
1003 487 1067 528 Qui
1087 494 1190 528 potest
1213 500 1323 527 capere

111 532 300 573 euphranon
318 529 550 571 amplectendas
565 531 622 561 nisi
635 530 672 561 ab
687 530 722 561 iis
739 530 791 570 qui
807 540 839 560 se
851 529 1014 560 continere
1028 542 1088 560 uon
1107 532 1328 564 valent.Caete·

113 585 182 605 rum
196 573 396 606 continentes
417 579 540 604 nostros
554 573 691 614 antiquis
708 572 765 602 illis
781 571 974 612 conjugatis,
993 572 1176 604 Abraliaruo
1190 575 1331 606 nomina·

113 617 170 649 tim
197 623 229 648 ct
253 615 358 656 Sarae,
387 627 440 646 vix
466 616 528 647 ulla
555 615 676 647 ratione
690 614 846 648 conferri,
863 615 977 646 nedum
1000 615 1037 646 iis
1057 615 1195 657 praeserri
1219 628 1325 659 posse;

112 659 230 702 quippe
245 659 297 700 qui
312 665 344 690 et
360 657 567 690 continentiae
579 658 733 689 virtutem
749 658 779 688 iu
794 657 889 688 animi
904 657 1015 688 habitu
1029 663 1198 690 tenuerunt
1211 660 1334 691 nuben-

111 707 158 734 tes
169 724 178 739 ,
195 707 228 734 et.
244 702 437 733 obedientiae
450 701 558 737 laude,
580 712 643 741 qua
657 706 808 742 tunquam
822 701 951 732 matrice
968 701 1100 733 virtutes
1111 712 1222 734 omnes
1233 703 1332 736 conti·

112 755 249 788 nentur,
267 759 363 791 quam
377 749 511 780 maxime
523 749 756 780 exo-tinemut.
1378 759 1439 795 247

67 794 126 826 DE
157 792 333 824 SANGTA
359 791 678 825 VtRGtNlTATE,
705 792 772 823 Lm.
790 792 816 823 1.
839 792 924 823 Dicit
942 791 1078 833 primum
1093 792 1132 825 de
1148 794 1329 834 praestantia

109 845 206 867 sacrae
215 846 250 867 ac
262 836 330 866 Deo
341 835 451 866 dicata}
461 834 661 875 virginitatis,
673 834 720 866 cui
733 835 971 866 liecunditatein
984 835 1178 877 conjugatem
1191 837 1255 876 jam
1264 848 1328 870 non

112 888 201 920 posse
212 878 307 910 ullam
319 879 493 918 comparari
508 878 714 908 demonstrat.
727 878 858 909 Duobus
867 878 1001 909 subinde
1013 880 1151 911 occurrit
1164 881 1330 914 contrariis

110 921 282 956 erroribus,
299 920 386 952 alteri
400 920 594 961 culpantium
612 926 749 960 nuptias,
760 921 848 952 alteri
863 931 916 951 eas
927 922 1121 962 aeqiiantium
1137 923 1328 963 virginitati:

109 964 237 996 illorum
262 964 379 995 scilicet
408 964 587 1004 putantium
609 964 733 1004 nuptias
750 974 788 994 ex
804 964 935 1005 obliquo
952 969 983 995 et
999 965 1095 996 1a1ite
1110 965 1272 997 damnatas
1284 967 1324 998 ab

112 1007 267 1048 Apostolo
284 1007 428 1044 dicente,
449 1016 459 1036 1
478 1007 556 1036 Cor.
581 1017 635 1035 vii.
661 1006 906 1038 Tribulalionem
926 1012 1030 1037 lumen
1048 1008 1150 1038 carnis
1167 1009 1328 1040 habebunt

110 1049 303 1091 hujusmodo
320 1059 379 1089 ogo
395 1055 499 1080 aretem
516 1049 599 1079 vobis
608 1059 716 1089 μανι-ο,-
730 1049 859 1080 istorum
876 1060 964 1086 vero,
984 1050 1184 1090 quiaihidem
1194 1052 1303 1084 scribit
1321 1063 1329 1084 :

110 1093 262 1124 existimo
294 1093 398 1132 itaquo
421 1093 475 1122 hoc
495 1094 609 1122 honum
639 1101 701 1122 esse
721 1098 850 1132 propter·
871 1098 1056 1133 prcus-entem
1085 1095 1325 1131 necessitatem,

107 1135 369 1167 contendentium
388 1140 574 1176 perpetuam
588 1135 816 1166 continentiam
834 1141 965 1177 propter
981 1135 1083 1167 saeculi
1109 1136 1200 1177 hujus
1211 1139 1308 1169 vitam
1321 1163 1329 1174 ,

108 1189 173 1210 non
191 1184 323 1220 propter
348 1178 486 1209 suturam
503 1177 728 1208 commendari.
758 1178 870 1210 Postea
887 1178 1006 1210 Christi
1024 1179 1161 1219 virgines
1173 1180 1329 1212 humilita-

109 1226 185 1256 tem.
199 1231 262 1263 qua
271 1226 334 1252 tam
352 1221 506 1252 excellens
517 1225 722 1252 conservatur
734 1231 841 1252 earum
856 1231 980 1258 munus,
995 1221 1220 1263 baberejubet,
1231 1229 1328 1265 atque

106 1264 145 1295 ad
161 1274 230 1295 eam
248 1274 342 1305 quam
355 1264 489 1294 maxime
504 1263 684 1294 sectandam
701 1265 798 1294 multa
811 1269 844 1295 et
858 1263 942 1303 gravi
961 1264 1105 1296 oratione
1121 1266 1317 1298 adhortatur.
1369 1268 1428 1300 283

67 1307 127 1338 DE
149 1306 268 1338 BONO
295 1305 565 1337 viDUI'l'ATIS
593 1306 659 1336 Lm.
685 1316 739 1336 seu
765 1306 985 1337 EPtsTOLA
1007 1307 1066 1338 AD
1091 1306 1327 1342 JULIANAM

107 1349 302 1382 vtDUAM.
319 1349 436 1380 Viduas
454 1348 504 1379 liic
515 1350 607 1379 docet
629 1354 659 1379 et
676 1349 875 1380 exhortatur.
892 1349 1034 1380 Primum
1052 1350 1196 1382 docendo
1210 1353 1327 1392 probat

105 1398 221 1425 sanctae
242 1392 405 1424 viduitatis
418 1390 643 1432 professionem
659 1391 776 1431 nuptiis
797 1393 1068 1433 anteponendam:
1086 1394 1210 1434 nuptias
1223 1401 1327 1427 tamen

105 1436 268 1471 mundas,
281 1435 345 1467 imo
359 1439 392 1466 et
405 1434 515 1466 tertias
525 1439 558 1466 et
574 1434 764 1475 quotaslibet
776 1434 877 1466 licitas
891 1445 956 1466 esse
966 1458 975 1472 ,
989 1446 1047 1466 nec
1063 1447 1200 1478 unquam
1214 1438 1327 1470 malas:

107 1488 137 1515 et
153 1483 309 1514 nubentes
328 1481 455 1524 quidem
474 1486 544 1523 post
557 1487 663 1512 votum
682 1481 790 1513 viduas
805 1482 870 1513 sive
889 1482 1024 1523 virgines
1037 1484 1152 1515 merito
1169 1485 1325 1525 damnari,

106 1527 189 1568 ipsas
204 1533 308 1558 autem
321 1536 428 1557 earum
443 1525 567 1566 nuptias
584 1535 640 1556 nec
651 1524 760 1555 haberi
777 1536 834 1566 pro
851 1526 1025 1564 adulteriis,
1040 1538 1097 1558 nec
1113 1527 1217 1559 dirimi
1230 1539 1327 1571 opor-

107 1575 186 1601 tere.
207 1569 323 1601 Merita
337 1568 500 1599 viduarum
516 1577 552 1598 ex
571 1567 638 1609 ipso
660 1567 775 1599 robore
789 1569 996 1600 continentiae
1009 1580 1044 1600 ac
1066 1571 1191 1611 pietatis
1205 1572 1326 1611 pensari

106 1612 184 1646 vult.
198 1612 333 1654 ideoque
348 1611 482 1642 biviram
496 1611 630 1641 univirae
644 1611 743 1641 viduae
759 1611 929 1652 aliquando
940 1612 1010 1651 jure
1027 1612 1166 1653 praeferri
1180 1614 1329 1647 demons-

105 1660 181 1687 trat.
195 1655 308 1686 Postea
329 1653 526 1685 exhortando
544 1659 650 1684 mouet
669 1653 829 1685 Julianam
846 1678 853 1688 ,
879 1660 912 1685 ut
926 1654 1081 1697 imprimis
1097 1658 1326 1690 continentiam

107 1708 196 1729 suam
212 1696 366 1729 beneficio
384 1696 442 1727 Dei
461 1697 608 1733 tribuat,
626 1702 797 1739 caveatque
824 1697 864 1728 ab
881 1697 1106 1733 Sci-moneatis.
1123 1701 1178 1740 qui
1203 1711 1325 1741 ser-pero

107 1746 281 1780 crepat-ant,
298 1740 460 1771 hominum
473 1739 681 1781 quorumdam
702 1740 900 1771 inimicorum
916 1741 1017 1781 gratia
1028 1741 1156 1774 Christi.
1177 1743 1276 1775 Jubet
1293 1748 1328 1776 ut

106 1794 196 1815 suum
214 1794 308 1814 omne
331 1781 470 1815 studium
487 1793 558 1813 cum
585 1782 647 1813 lilia
664 1783 786 1823 virgine
808 1789 840 1814 et
863 1794 933 1813 cum
950 1793 1040 1814 socru
1059 1784 1150 1816 vidua
1168 1786 1322 1828 inpendat

106 1826 149 1858 ad
164 1827 351 1868 placendum
377 1826 447 1856 Deo
463 1836 469 1855 t
489 1825 616 1856 delicias
631 1825 788 1867 spiritales
804 1826 941 1858 habeant
959 1827 1129 1859 carnalium
1144 1829 1328 1862 deliciarum

105 1869 193 1906 loco;
211 1875 242 1901 et
257 1869 370 1900 samam
385 1868 526 1908 denique
547 1878 635 1899 suam
650 1868 809 1899 custodire
831 1879 893 1899 non
921 1870 1092 1911 negligunt.
1371 1874 1451 1907 530.

66 1912 138 1944 DE
170 1911 506 1944 CONJUGlls
537 1910 962 1943 ADULTERINIS
994 1914 1064 1944 At)
1093 1914 1334 1948 POLLEN-

109 1956 137 1986 T
157 1955 171 1986 l
190 1955 288 1990 ΠΜ,
322 1954 492 1985 LIBRI
526 1954 585 1984 11.
615 1972 654 1978 ·-—
684 1955 766 1986 Lm.
795 1955 824 1985 I.
855 1956 894 1985 In
924 1966 986 1997 quo
1021 1961 1197 1988 tractantur
1233 1968 1334 2000 quaes-

107 1999 208 2030 tiones
237 1997 434 2038 potissimum
463 1997 544 2028 duae.
575 1997 682 2028 Prima
710 2003 759 2029 est
788 1997 820 2028 in
843 1997 922 2030 illud
940 2009 952 2029 1
970 1999 1048 2030 Cor.
1064 2010 1124 2031 vii.
1141 2000 1197 2030 His
1218 2009 1327 2034 autem

105 2042 160 2082 qui
187 2045 264 2072 sunt
291 2041 324 2071 in
354 2039 500 2081 conjugio
533 2040 748 2081 praecipio.....
783 2041 1003 2074 mulierem...
1014 2064 1022 2072 .
1060 2043 1088 2072 si
1125 2043 1300 2076 discesserit
1315 2068 1327 2084 ‚

106 2095 234 2116 „tancre
259 2083 431 2125 innuptum
448 2107 457 2119 ,
479 2088 536 2114 etc.
571 2083 664 2121 Quod
693 2083 834 2124 Apostoli
860 2090 1053 2126 praeceptum
1077 2085 1234 2118 Pollentio
1260 2089 1331 2130 qui-

106 2128 178 2159 dem
191 2127 317 2159 videtur
329 2126 491 2168 pertinere
503 2125 704 2158 admulieres
716 2126 900 2159 recedentes
912 2138 930 2159 a
943 2128 1017 2159 viris
1027 2134 1142 2170 praeter
1153 2128 1338 2163 fornicatio·

105 2171 154 2202 nis
168 2181 304 2204 eausam.
319 2169 430 2210 hisque
441 2168 514 2201 solis
530 2168 728 2210 prohibitum
750 2169 871 2201 nubere
884 2171 976 2202 alteri
990 2172 1059 2202 viro
1073 2182 1080 2202 :
1095 2178 1204 2204 contra
1227 2179 1334 2206 autem

108 2214 302 2255 Augustinus
327 2222 378 2244 eas
393 2217 516 2244 tantum
536 2217 680 2253 spectare
696 2213 863 2244 contendit
876 2236 884 2247 ‚
903 2224 973 2255 quae
987 2224 1004 2244 a
1018 2214 1095 2246 viris
1111 2215 1331 2248 fornicationis

105 2266 195 2287 causa
208 2255 406 2293 recesserint,
419 2260 516 2296 atque
528 2260 644 2296 praetcr
654 2255 736 2287 hanc
745 2265 868 2287 causam
886 2257 1036 2288 recedere
1051 2267 1116 2288 non
1134 2258 1332 2300 permissum.

108 2298 403 2341 secundaquaestio
425 2304 472 2330 est
494 2298 580 2329 circa
590 2297 667 2329 illud
682 2298 758 2329 item
775 2309 786 2328 ι
814 2298 890 2330 Cot.
910 2310 968 2331 vii.
988 2301 1121 2332 Caeteris
1138 2306 1245 2333 autom
1269 2313 1328 2343 ego

107 2342 194 2382 dico,
227 2353 289 2373 non
314 2341 473 2373 Dominus
487 2363 496 2380 ,
525 2347 583 2372 etc.
603 2341 674 2372 Hoc
690 2342 850 2373 monendo
868 2341 989 2374 dictum
1007 2344 1046 2374 ab
1067 2344 1222 2384 Apostolo
1239 2345 1333 2378 docet

109 2385 355 2427 Augustinus.ut
375 2384 495 2415 scilicet
510 2383 615 2415 fideles
626 2383 773 2425 conjuges
785 2385 815 2415 in
832 2385 1048 2427 relinquendis
1061 2385 1246 2418 infidelibus
1260 2399 1332 2429 per-

106 2429 198 2459 missa
217 2428 341 2459 licentia
361 2437 423 2458 nou
439 2433 569 2457 utantur
587 2438 594 2457 z
613 2426 789 2459 Pollentius
806 2433 916 2459 contra
934 2428 1030 2460 sentit
1047 2429 1179 2460 vetitum
1205 2430 1248 2460 ibi
1267 2441 1335 2463 esse

103 2481 122 2502 a
137 2470 250 2508 Paulo,
272 2480 312 2501 ne
328 2469 478 2510 conjuges
491 2469 585 2500 ctiam
603 2468 744 2499 iufileles
762 2469 966 2501 dimittantur
983 2482 998 2501 a
1017 2470 1174 2503 fidelibus.
1196 2472 1338 2515 Aiungi-

118 2519 173 2545 tur
188 2518 350 2555 postremo
365 2513 496 2554 quaestio
507 2512 545 2543 de
564 2512 796 2543 cathecumenis
813 2513 844 2543 iu
861 2515 973 2544 ultimo
988 2514 1061 2545 vitae
1076 2515 1274 2551 constitutis,
1290 2527 1331 2548 an

110 2555 148 2588 iis
158 2566 218 2587 nec
232 2555 427 2595 peteniibus,
443 2565 566 2595 rici-pro
587 2565 617 2586 se
631 2554 823 2596 respondere
838 2555 1029 2594 valentibus,
1041 2557 1141 2598 prosit
1153 2557 1325 2600 baptizari.
1371 2559 1434 2604 3⁶7

64 2598 125 2632 DE
149 2597 390 2630 MENDACIO
409 2619 419 2635 ‚
444 2598 512 2628 Lm.
546 2597 573 2628 l.
607 2597 644 2628 ln
674 2608 737 2639 quo
755 2597 833 2639 quid
863 2600 903 2630 sit
920 2599 1142 2637 mendacium,
1169 2608 1201 2632 et
1226 2606 1332 2635 utrum

110 2641 281 2686 aliquando
292 2640 525 2675 admittendum
535 2640 590 2680 sit,
602 2640 752 2684 exemplis
765 2640 994 2684 momentisque
1005 2642 1168 2677 rationum
1181 2644 1214 2676 iu
1227 2650 1344 2678 uti-ain-
