1758 3246
283 286 371 347 592
703 298 737 328 s.
781 298 1023 329 Auensrini
1060 298 1259 330 Episcori

283 374 377 412 tant
395 402 406 421 ‚
428 362 473 410 id
490 374 622 424 agunt
637 402 647 422 ,
666 375 714 410 111
727 364 1037 428 interpretibus
1053 364 1138 409 suis
1155 364 1459 429 signorumque
1477 379 1651 412 suorum

282 436 602 496 conjectoribus
622 435 752 499 eulpa
774 435 1011 492 tribuatur,
1029 434 1205 497 quando
1217 434 1288 480 vel
1306 434 1474 497 decepti
1493 435 1653 480 fuerint

278 506 352 554 ‘Vel
375 507 560 553 mentiti.

345 579 425 624 Xl.
463 577 584 634 Quid
606 594 704 636 ergo
732 577 890 622 mirum
909 615 920 633 ,
948 578 981 621 si
997 580 1089 636 jam
1119 576 1371 622 imminente
1390 576 1649 639 templorum

284 659 356 695 aut
380 648 710 693 simulacrorum
729 648 946 692 eversione
967 684 977 703 ‚
999 663 1130 709 quam
1153 647 1387 710 Prophetae
1403 647 1480 691 Dei
1497 647 1652 692 summi

285 730 405 764 tanto
428 729 523 764 ante
548 718 836 780 praedixerant
852 754 862 771 ‚
892 717 1063 779 Serapis
1087 716 1259 761 daemon
1279 716 1407 761 alicui
1433 716 1652 762 cultorum

285 806 461 835 suorum
481 788 568 833 hoc
592 787 645 832 de
668 787 864 850 proximo
884 785 1081 850 prodidit
1096 824 1106 841 ‚
1137 797 1186 831 ut
1209 804 1329 831 suam
1350 787 1472 850 quasi
1497 786 1653 832 divini-

286 871 415 905 tatem
433 857 636 904 recedens
652 857 720 903 vel
736 856 904 916 fugiens
922 856 1275 901 commendaret?
1300 857 1331 900 F
1336 867 1524 916 ugantur
1540 857 1654 902 enirn

288 931 357 976 isti
373 967 383 986 ‚
410 929 480 975 vel
505 929 632 974 etiam
654 928 782 987 jussis
811 927 1107 991 superioribus
1131 926 1319 986 colligati
1342 927 1657 972 abstrahuntur

289 1012 329 1047 et
352 1001 592 1046 alienantur
616 1017 638 1043 a
657 998 761 1043 locis
781 998 888 1053 suis,
910 1008 959 1042 ut
976 997 1029 1043 de
1049 997 1178 1042 rebus
1198 998 1357 1060 quibus
1371 997 1656 1043 dominaban-

291 1083 363 1118 tur
386 1071 637 1135 quibusque
663 1068 921 1115 colebantur
945 1106 954 1114 .
984 1070 1060 1114 fiat
1084 1068 1284 1114 voluntas
1325 1069 1400 1114 Dei
1422 1106 1432 1117 .
1461 1069 1537 1131 qui
1570 1068 1656 1114 hoc

293 1154 412 1188 tanto
433 1151 530 1186 ante
553 1157 632 1203 per
652 1156 799 1184 omnes
818 1150 961 1198 gentes
979 1139 1174 1184 futurum
1197 1156 1283 1184 esse
1304 1138 1528 1202 praedixit,
1556 1149 1598 1184 et
1610 1149 1657 1184 ut

291 1230 370 1276 per
386 1228 483 1258 suos
507 1210 652 1256 fideles
676 1210 795 1255 fieret
817 1209 1061 1273 imperavit.
1092 1210 1182 1255 Cur
1207 1220 1348 1254 autem
1371 1209 1457 1254 hoc
1481 1226 1567 1254 non
1596 1209 1656 1254 si—

291 1292 464 1328 neretur
496 1280 670 1326 daemon
705 1279 945 1341 praedicere
964 1317 974 1335 ‚
1012 1296 1112 1324 cum
1138 1279 1221 1324 sibi
1251 1283 1339 1338 jam
1371 1290 1657 1342 praenosceret

291 1353 542 1399 imminere?
560 1367 659 1395 cum
684 1349 782 1395 haec
806 1349 1036 1412 pra-*dictio
1060 1359 1102 1393 et
1118 1349 1352 1413 Prophetis
1370 1360 1653 1405 attesta1·etur‚

293 1440 317 1469 a
345 1423 505 1486 quibus
535 1431 635 1466 sunt
666 1421 743 1464 ista
782 1419 1028 1482 conscripta
1051 1456 1060 1474 ‚
1096 1429 1138 1463 et
1171 1419 1460 1481 prudentibus
1485 1420 1659 1465 daretur

289 1493 469 1552 intelligi
489 1508 621 1555 quam
633 1488 858 1548 vigilanter
877 1499 982 1534 esset
1001 1488 1249 1534 daemonum
1277 1489 1466 1535 cavenda
1490 1488 1655 1535 fallacia

291 1565 520 1626 cultusque
538 1560 767 1620 fugiendus
785 1580 795 1612 ;
815 1560 891 1623 qui
911 1577 1012 1604 cum
1037 1570 1134 1604 ante
1146 1577 1224 1623 per
1243 1570 1329 1605 tam
1352 1560 1526 1620 longum
1546 1571 1658 1606 tem—-

290 1652 373 1699 pus
396 1635 441 1680 in
471 1631 640 1695 templis
656 1631 742 1676 suis
764 1630 862 1676 haec
879 1630 1026 1675 futura
1045 1631 1273 1675 tacuissent
1294 1668 1305 1687 ‚
1332 1648 1432 1694 quae
1451 1649 1528 1694 per
1545 1632 1657 1676 Pro⁶

292 1707 448 1770 phetas
471 1702 684 1767 praedicta
708 1702 904 1762 ignorare
932 1718 1021 1746 11011
1041 1712 1242 1763 possent,
1271 1713 1550 1765 posteaquam
1578 1721 1658 1766 ap-

291 1779 589 1844 propinquare
622 1782 853 1836 coeperunt
871 1808 881 1827 ,
911 1770 1141 1817 voluerunt
1165 1789 1212 1816 ea
1241 1772 1362 1835 quasi
1387 1771 1622 1835 praedicere
1645 1809 1655 1827 ,

292 1867 345 1896 ne
363 1849 501 1908 ignari
523 1845 714 1908 victique
731 1852 1003 1907 putarentur.
1029 1843 1140 1887 Cum
1158 1842 1290 1901 igitur
1311 1853 1397 1888 tam
1417 1842 1543 1902 longe
1562 1854 1659 1888 ante

289 1919 556 1984 praedictum
582 1925 687 1961 esset
711 1924 839 1977 atque
862 1912 1158 1975 conscriptum
1175 1949 1186 1968 ‚
1215 1923 1260 1958 ut
1288 1912 1368 1959 alia
1385 1913 1555 1958 interim
1590 1923 1660 1958 ta·-

293 2009 431 2048 ceam,
449 1988 558 2036 illud
577 1986 695 2052 quod
712 1984 956 2048 Sophonias
966 1983 1182 2047 propheta
1199 1984 1307 2030 dicit
1326 2003 1336 2029 ε
1361 2006 1381 2026 «
1398 1984 1661 2030 Praevalebit

293 2084 314 2104 »
340 2062 552 2107 Dominus
583 2058 783 2104 adversus
815 2072 913 2111 eos,
958 2065 1000 2099 et
1036 2055 1338 2100 exterminabit
1373 2072 1519 2101 omnes
1559 2054 1660 2100 deos

293 2154 314 2175 »
339 2132 530 2193 gentium
553 2141 678 2175 terrae
697 2165 707 2184 ,
731 2137 773 2173 et
786 2124 1032 2171 adorabunt
1055 2142 1151 2170 eum
1174 2126 1468 2189 unusquisque
1489 2124 1542 2170 de
1564 2125 1659 2171 loeo

293 2225 315 2247 ›>
339 2221 416 2250 suo
435 2241 446 2259 ,
473 2217 619 2247 omnes
644 2197 796 2244 insulae
814 2196 1005 2257 gentium
1020 2195 1036 2224 1
1062 2213 1072 2240 :
1091 2217 1111 2237 ›>
1132 2207 1309 2242 autnon
1333 2196 1566 2242 credebant
1583 2197 1660 2241 ista

294 2274 378 2320 sibi
397 2282 619 2327 eventura,
641 2269 717 2332 qui
737 2267 782 2312 in
799 2265 972 2329 templis
994 2267 1186 2325 gentium
1211 2266 1484 2323 colebantur,
1505 2277 1546 2311 et
1562 2265 1659 2312 ideo

293 2345 393 2391 haec
414 2361 493 2408 per
518 2359 616 2387 suos
643 2349 759 2386 vates
784 2354 832 2382 ac
854 2335 1061 2382 fanaticos
1083 2337 1356 2400 frequentare
1388 2337 1621 2383 noluerunt
1645 2353 1656 2380 ε

295 2417 406 2462 sicut
424 2430 570 2460 eorum
596 2413 734 2456 Poeta
753 2409 775 2452 J
782 2423 968 2453 unonem
989 2406 1160 2452 inducit
1176 2424 1265 2453 non
1288 2407 1406 2453 omni
1424 2405 1553 2452 modo
1571 2422 1660 2451 cre-

293 2487 466 2534 dentem
485 2500 586 2549 quae
607 2481 661 2527 de
679 2479 817 2526 Turni
843 2488 980 2524 morte
997 2478 1170 2542 Jupiter
1182 2478 1358 2525 dixerat.
1382 2478 1406 2522 J
1413 2494 1499 2523 uno
1518 2487 1659 2523 autem

339 2589 349 2612 ¹
370 2585 515 2631 Sophon.
533 2596 568 2627 n,
589 2595 620 2619 1.
