1758 3246
331 280 418 334 146
746 291 780 319 s·
823 285 1065 320 Aucusrim
1100 288 1300 318 Ei‘iscoi‘i

325 373 345 398 <z
370 357 550 402 Dimitte
570 352 696 399 nobis
714 349 861 398 debita
883 363 1044 407 nostra,
1066 353 1176 398 sicut
1197 363 1238 397 et
1256 369 1332 397 nos
1347 350 1604 396 dimittimus
1623 349 1694 395 (104

325 447 346 468 »
372 418 590 470 bitoribus
632 423 786 468 nostris
812 422 855 476 1;
881 445 901 464 »
926 422 1082 485 procul
1114 422 1251 466 dubio
1288 421 1421 467 verba.
1457 420 1696 483 sponsionis

323 495 456 554 hujus
477 491 732 556 implentur,
771 492 805 536 si
835 491 969 536 homo
986 492 1063 554 qui
1090 490 1284 535 nondum
1326 490 1385 534 ita
1408 488 1610 552 profecit,
1649 499 1696 533 ut

317 563 410 624 Jam
439 557 591 622 diligat
609 561 853 616 inimicum,
890 571 1035 605 tamen
1059 559 1235 622 quando
1255 569 1431 618 rogatur
1449 558 1503 604 ab
1520 558 1697 604 homine

326 632 403 696 qui
421 631 621 696 peccavit
637 630 680 675 in
701 644 816 685 011111,
855 639 903 674 ut
932 629 968 674 ei
1000 628 1192 673 dimittat
1217 666 1227 683 ‚
1258 627 1439 672 dimittit
1465 646 1511 673 ex
1533 627 1662 673 corde
1683 644 1695 673 ι

326 703 428 766 quia
447 701 576 746 etiam
600 700 683 745 sibi
709 699 875 758 roganti
903 699 1051 762 utique
1071 698 1166 744 vult
1193 697 1377 754 dimitti,
1407 714 1509 743 cum
1542 709 1637 743 orat
1659 709 1699 743 et

324 772 455 818 dicit:
476 792 496 812 c<
524 769 648 814 Sicut
669 772 710 813 et
736 782 812 813 1105
827 767 1087 813 dimittimus
1106 767 1381 813 debitoribus
1399 767 1580 814 nostris:
1610 790 1630 810 ))
1654 767 1699 814 id
1742 794 1745 805 ι

322 847 385 887 est
399 878 410 896 ‚
435 840 495 884 sie
519 838 691 883 dimitte
731 837 881 883 debita
906 849 1051 883 nostra
1072 836 1324 896 rogantibus
1345 836 1471 881 nobis
1488 874 1499 893 ,
1527 838 1640 882 sicut
1661 848 1702 882 et

324 918 400 956 nos
425 904 686 955 dimittimus
713 909 965 967 rogantibus
991 907 1265 953 debitoribus
1286 906 1451 953 nostris.
1499 908 1701 953 Jamvero

1734 237 1742 500 „mm-m-
1731 0 1758 199 ffl-z

323 981 399 1044 qui
418 988 534 1034 eum,
561 979 606 1023 in
644 994 775 1040 quem
798 978 1022 1041 peccavit,
1049 977 1272 1022 hominem
1291 986 1412 1036 rogat
1432 1013 1443 1031 ‚
1467 976 1501 1021 si
1521 988 1702 1040 peccato
1743 989 1747 1013 ἐ

322 1060 398 1096 5110
430 1052 629 1095 movetur
645 1057 693 1092 ut
715 1058 861 1108 roget,
891 1065 978 1094 non
999 1059 1060 1093 est
1091 1046 1239 1093 adhuc
1261 1046 1539 1109 deputandus
1556 1046 1703 1092 inimi-

321 1129 397 1166 'cus
413 1158 424 1175 ‚
440 1130 489 1164 ut
506 1127 603 1164 eum
617 1117 793 1177 diligere
812 1119 867 1163 sit
882 1118 1075 1173 difficile,
1098 1118 1209 1162 sicut
1229 1115 1403 1161 difficile
1422 1126 1512 1161 erat
1528 1116 1704 1179 quando
1744 1126 1749 1177 ξ

319 1187 569 1236 inimicitias
600 1184 836 1234 exercebat.
874 1188 1082 1250 Quisquis
1104 1197 1247 1232 autem
1281 1185 1452 1244 roganti
1473 1196 1514 1231 et
1534 1187 1706 1248 peccati
1744 1191 1749 1229 1

321 1258 387 1305 5111
402 1256 639 1321 poenitenti
657 1272 745 1300 non
759 1273 808 1300 ex
821 1255 951 1300 corde
969 1256 1152 1300 dimittit
1165 1291 1174 1309 ,
1204 1255 1473 1299 nullomodo
1497 1256 1707 1301 existimet

322 1344 345 1375 a
368 1326 559 1374 Domino
587 1342 662 1370 sua
697 1335 877 1387 peccata
911 1324 1100 1380 dimitti,
1122 1323 1330 1387 quoniam
1355 1322 1528 1368 mentiri
1553 1325 1708 1370 veritas

323 1407 411 1444 non
445 1402 602 1460 potest.
646 1394 789 1451 Quem
812 1411 915 1440 vero
953 1394 1083 1440 lateat
1107 1391 1331 1452 Evangelii
1354 1392 1597 1439 auditorem
1621 1394 1707 1440 sive

326 1469 531 1515 lectorem
548 1503 559 1521 ,
586 1464 683 1527 quis
709 1463 864 1510 dixerit
883 1481 893 1508 ε
912 1485 932 1505 ε(
958 1465 1048 1524 Ego
1069 1481 1162 1509 sum
1192 1462 1346 1508 veritas
1372 1462 1421 1507 ΞΡ
1449 1484 1468 1503 »
1493 1463 1582 1519 Qui
1608 1481 1711 1509 cum

326 1538 543 1585 docuisset
567 1535 826 1583 orationem.
864 1534 981 1579 hanc
1009 1535 1053 1579 in
1078 1551 1127 1580 ea
1150 1533 1336 1597 positam
1354 1533 1608 1578 sententiam
1634 1551 1713 1579 ve-
1747 1541 1751 1548 '

326 1611 553 1657 hementer
576 1603 900 1650 commendavit
917 1641 927 1661 ,
957 1604 1106 1650 dicens
1135 1622 1145 1648 ι
1182 1625 1200 1644 α
1221 1604 1267 1649 Si
1311 1603 1425 1647 enim
1468 1602 1714 1650 dimiseritis

329 1704 350 1725 »
369 1677 626 1726 hominibus
646 1686 824 1739 peccata
836 1689 1003 1731 eorum,
1023 1675 1213 1720 dimittet
1229 1684 1270 1719 et
1295 1673 1421 1719 vobis
1435 1674 1562 1719 Pater
1578 1686 1715 1720 vester

332 1770 353 1794 s>
377 1748 562 1797 coelestis
574 1756 754 1810 peccata
772 1756 922 1792 vestra.
942 1746 987 1791 Si
1002 1757 1144 1791 autem
1165 1762 1253 1790 non
1266 1743 1512 1789 dimiseritis
1525 1744 1715 1791 homini-

336 1845 356 1864 »
374 1822 483 1875 bus,
517 1833 598 1864 nec
634 1818 763 1861 Pater
784 1826 924 1861 vester
964 1815 1153 1860 dimittet
1174 1824 1355 1878 peccata
1374 1824 1513 1859 vestra
1538 1813 1570 1862 ³,
1597 1837 1618 1856 »
1648 1816 1715 1862 Ad

340 1900 426 1938 tam
444 1904 652 1948 magnum
675 1886 918 1930 tonitruum
941 1886 1016 1950 qui
1038 1903 1126 1931 non
1157 1883 1483 1948 expergiscitur.
1505 1901 1593 1929 non
1617 1884 1718 1931 dor-

337 1962 417 2010 mit
431 1997 441 2016 ,
465 1957 538 2003 sed
556 1965 753 2002 mortuus
777 1966 838 2002 est
856 1973 866 2000 z
894 1967 935 2001 et
952 1966 1095 2001 tamen
1115 1967 1267 2019 potens
1281 1965 1343 2000 est
1364 1953 1435 2000 ille
1453 1956 1582 2001 etiam
1606 1972 1718 2001 mor-

348 2042 443 2078 tuos
465 2036 683 2073 suseitare.

409 2100 508 2146 XX.
553 2096 662 2141 Sane
684 2095 762 2159 qui
778 2095 1098 2141 sceleratissime
1112 2096 1267 2142 vivunt
1283 2135 1293 2148 ,
1320 2114 1400 2143 1100
1420 2110 1576 2145 curant
1594 2101 1720 2147 talem

344 2175 479 2221 vitam
498 2182 724 2229 moresque
745 2166 984 2225 corrigere3
1012 2176 1053 2210 et
1076 2165 1186 2210 inter
1207 2166 1300 2229 ipsa
1324 2166 1518 2213 facinora
1538 2180 1579 2215 et
1596 2170 1722 2230 flagi-

349 2246 407 2291 tia
430 2257 505 2287 5113
529 2237 816 2298 eleemosynas
831 2234 1102 2299 frequentare
1124 2253 1211 2280 11011
1239 2248 1426 2294 cessant,
1452 2237 1611 2285 frustra
1628 2240 1724 2286 ideo

349 2314 432 2362 sibi
444 2306 736 2357 blandiuntur
752 2343 762 2361 ‚
787 2306 994 2368 quoniam
1019 2305 1232 2351 Dominus
1256 2306 1315 2351 ait
1339 2324 1349 2351 :
1377 2329 1397 2348 «
1419 2307 1527 2353 Date
1547 2309 1724 2355 eleemo-

352 2408 373 2429 »
391 2395 542 2447 synam
560 2414 570 2433 ,
598 2386 638 2421 ct
661 2392 760 2420 0000
793 2375 938 2419 onmia
961 2375 1125 2420 munda
1152 2386 1252 2420 sunt
1274 2376 1412 2423 vobis.
1440 2398 1461 2418 »
1487 2378 1585 2424 Hoc
1611 2380 1725 2425 enim

353 2468 484 2520 quam
523 2447 608 2492 late
640 2455 810 2508 pateat,
848 2461 935 2489 non
972 2445 1232 2504 intelligunt.
1272 2445 1355 2490 Sed
1384 2458 1432 2491 ut
1459 2447 1722 2509 intelligant,

356 2519 580 2571 attendant
596 2515 758 2579 quibus
783 2513 950 2560 dixerit.
984 2516 1151 2578 Nempe
1174 2516 1219 2559 in
1243 2515 1476 2575 Evangelio
1499 2517 1559 2563 sic
1584 2518 1725 2582 scrip-

401 2600 548 2636 1Matth.
568 2611 612 2636 vr,
636 2609 687 2629 12.
703 2595 776 2619 ——2
795 2599 890 2628 Joau.
912 2607 979 2640 xiv,
994 2598 1026 2628 6.
1045 2616 1089 2622 —
1103 2594 1117 2618 3
1136 2597 1252 2629 Matlh.
1272 2609 1318 2634 vr,
1344 2605 1396 2635 14,
1415 2600 1465 2630 15.

1744 1232 1748 1249 t

1745 1252 1748 1271 1

1747 1549 1758 1758 1

1748 1762 1757 1876 ἰ

1749 1884 1755 2010 ἓ

1750 2052 1755 2119 ἑ

1750 2122 1756 2222 ἒ

1751 2226 1756 2287 i

1752 2304 1757 2321 l

1752 2327 1758 2345 ἰ
