1758 3246
422 334 476 364 DE
513 332 815 364 CONTINENTIA
833 354 844 373 ,
884 333 970 364 LIB.
1014 335 1045 365 1.
1344 332 1428 366 211

66 417 153 446 non
171 410 342 446 emanat
361 436 372 452 ,
393 399 497 444 foris
518 416 606 444 non
626 409 749 444 sonat
770 417 780 444 :
803 397 923 461 quod
940 413 1042 444 vero
1064 411 1236 444 emanat
1254 400 1355 447 inde
1374 438 1385 456 ‚
1407 401 1441 447 si

65 470 230 515 malum
251 480 337 525 est,
365 469 443 514 etsi
468 486 556 514 non
580 479 752 515 moveat
771 468 989 528 linguam,
1012 467 1211 531 inquinat
1231 470 1430 517 animam.

67 540 138 584 Ibi
159 556 257 599 ergo
277 538 479 602 ponenda
493 549 554 583 est
572 539 840 584 continentia
853 575 864 593 ‚
888 537 968 582 ubi
986 547 1027 582 et
1045 537 1281 583 tacentium
1302 538 1443 602 loqui-

66 618 137 653 tur
160 608 437 654 conscientia.
462 608 530 652 Fit
549 609 663 654 enim
680 625 759 671 per
777 608 936 653 ostium
961 607 1243 653 continentiae
1258 644 1269 663 ,
1292 618 1340 652 ut
1356 626 1445 655 non

63 678 165 723 inde
187 688 304 723 exeat
330 678 450 741 quod
475 679 604 725 etiam
630 679 785 724 clausis
804 678 932 724 labiis
951 678 1094 723 carnis
1115 677 1252 724 vitam
1275 678 1446 741 polluat

66 748 308 807 cogitantis,

129 819 213 864 Ill.
256 818 453 881 Denique
479 829 526 864 ut
561 819 751 881 apertius
789 835 835 864 os
869 817 1072 871 interius,
1113 816 1233 880 quod
1270 834 1349 880 per
1373 817 1448 863 illa

64 888 197 933 verba
228 888 516 947 significavit,
547 889 821 946 ostenderet,
848 905 951 934 cum
990 887 1161 942 dixisset
1196 905 1207 932 :
1243 908 1264 928 «
1297 890 1444 945 Pone,

67 979 88 999 2>
109 958 322 1013 Domine,
367 958 610 1004 custodiam
634 960 699 1004 ori
722 977 846 1015 meo,
890 969 932 1004 et
969 958 1129 1004 ostium
1166 957 1449 1004 continentiae

65 1049 87 1070 ›>
107 1028 275 1073 circum
298 1028 415 1073 labia
434 1046 529 1074 mea
555 1047 565 1074 ε
591 1051 611 1070 n
633 1030 844 1076 continuo
875 1028 1075 1075 subdidit·
1097 1045 1107 1072 :
1135 1049 1156 1069 α
1177 1029 1241 1074 Ne
1261 1028 1451 1074 declines

66 1118 88 1140 >³
107 1114 183 1143 cor
205 1113 350 1142 meum
374 1097 420 1143 in
443 1099 578 1143 verba
603 1099 836 1158 maligna1.
866 1120 886 1140 ))
914 1098 1158 1143 Declinatio
1179 1098 1324 1143 cordis
1340 1098 1451 1162 quid

65 1178 154 1222 est,
191 1167 274 1212 nisi
303 1167 556 1213 consensio?
597 1168 806 1213 Nondum
835 1168 951 1213 enim
984 1167 1093 1212 dixit
1118 1185 1128 1211 :
1161 1168 1369 1230 Quisquis
1390 1169 1452 1230 *jn

67 1236 197 1283 corde
226 1237 558 1282 occurrentibus
583 1238 930 1297 suggestionibus
954 1253 1231 1300 quorumque
1259 1238 1453 1283 visorum

65 1306 185 1353 nulla
208 1306 352 1351 cordis
375 1306 666 1352 declinatione
690 1308 921 1353 consensit.
957 1307 1003 1352 Si
1035 1317 1180 1351 autem
1204 1308 1448 1365 consensit,

61 1381 148 1437 jam
174 1376 305 1422 corde
328 1376 460 1432 dixit,
492 1377 660 1422 etiamsi
694 1395 767 1423 ore
792 1395 882 1422 non
911 1377 1057 1423 sonuit
1086 1394 1097 1421 ε
1129 1377 1298 1422 etiamsi
1320 1395 1454 1424 manu

66 1447 135 1494 vel
155 1447 352 1511 qualibet
375 1447 572 1509 corporis
598 1458 721 1510 parte
749 1465 839 1493 non
867 1447 994 1502 fecit,
1029 1446 1134 1491 fecit
1168 1457 1311 1492 tamen
1331 1447 1453 1511 quod

68 1518 327 1577 cogitatione
350 1517 601 1562 faciendum
623 1518 708 1562 sibi
731 1535 818 1563 esse
831 1521 923 1577 jam
942 1517 1121 1570 statuit3
1155 1516 1314 1562 divinis
1341 1517 1453 1578 legi-

68 1589 150 1634 bus
173 1605 291 1644 reus,
318 1589 516 1651 quamvis
534 1588 738 1634 humanis
767 1589 961 1634 sensibus
981 1587 1264 1633 absconditus
1282 1608 1294 1642 3
1314 1589 1453 1635 verbo

68 1660 114 1704 in
140 1658 270 1704 corde
298 1658 417 1704 dicto
435 1696 445 1716 ‚
474 1658 597 1705 nullo
615 1660 730 1705 facto
756 1677 836 1723 per
859 1676 1020 1722 corpus
1044 1658 1244 1705 admisso,
1271 1659 1453 1723 Nequa-

68 1747 201 1793 quam
224 1746 325 1775 vero
347 1731 596 1776 membrum
614 1730 718 1776 foris
738 1731 941 1777 movisset
965 1731 1011 1776 in
1032 1730 1149 1776 facto
1165 1767 1176 1787 ‚
1199 1733 1326 1789 cujus
1345 1731 1451 1777 facti

68 1801 241 1846 initium
281 1817 368 1845 non
406 1801 523 1846 intus
554 1802 842 1864 praecessisset
879 1802 924 1847 in
965 1801 1116 1848 verbo,
1152 1802 1304 1864 Neque
1334 1802 1450 1847 enim

70 1870 335 1916 mendaciter
360 1871 576 1934 scriptum
601 1882 663 1917 est
688 1890 698 1916 :
739 1895 760 1915 «
781 1872 962 1916 Initium
987 1871 1125 1916 omnis
1148 1871 1291 1935 operis
1309 1909 1320 1927 ,
1348 1889 1452 1919 Ver-

71 1962 92 1984 »
110 1942 233 1988 bum.
259 1962 280 1982 ›>
321 1941 466 1986 Multa
501 1942 668 2006 quippe
704 1942 905 1988 homines
946 1942 1116 1987 faciunt
1157 1959 1230 1988 ore
1270 1942 1419 1991 clauso
1436 1984 1447 2003 ,

71 2013 217 2075 quieta
239 2012 410 2071 lingua,
436 2029 544 2058 voce
566 2013 734 2059 frenata
757 2032 767 2058 ε
797 2013 871 2059 sed
897 2024 1041 2059 tamen
1065 2013 1179 2059 nihil
1201 2025 1334 2074 agunt
1357 2033 1454 2062 cor-

72 2083 192 2146 poris
217 2099 346 2145 opere
365 2120 376 2139 ‚
401 2083 517 2146 quod
548 2101 637 2128 non
654 2085 777 2147 prius
798 2084 983 2130 dixerint
1005 2084 1149 2130 corde.
1183 2087 1246 2130 Ac
1263 2104 1342 2148 per
1364 2087 1453 2135 hoc

74 2153 281 2217 quoniam
300 2152 438 2198 multa
463 2164 563 2199 sunt
586 2166 766 2217 peccata
792 2156 838 2200 in
861 2154 1142 2200 interioribus
1173 2154 1301 2201 dictis
1315 2194 1327 2214 ,
1352 2175 1453 2221 quae

75 2241 162 2269 non
183 2234 282 2268 sunt
303 2223 350 2268 in
368 2225 648 2270 exterioribus
668 2224 820 2279 factis3
844 2226 964 2271 nulla
990 2236 1089 2271 sunt
1107 2236 1251 2271 autem
1271 2227 1317 2272 in
1334 2240 1453 2275 exte-

75 2294 262 2339 rioribus
278 2293 403 2339 factis
417 2332 427 2350 ,
444 2311 544 2358 quae
560 2313 649 2341 non
671 2296 927 2359 praecedant
943 2297 989 2342 in
1006 2296 1286 2342 interioribus
1305 2298 1452 2354 dictis3

76 2365 157 2410 erit
190 2364 244 2409 ab
270 2365 464 2428 utrisque
488 2367 656 2428 puritas
689 2366 972 2424 innocentiae,
997 2366 1032 2412 si
1052 2367 1217 2413 circum
1253 2369 1456 2416 interiora

77 2435 192 2481 labia
215 2447 406 2498 ponatur
422 2438 581 2483 ostium
602 2439 896 2485 continentiae.

143 2506 219 2553 IV.
262 2508 447 2570 Propter
483 2508 604 2572 quod
639 2509 769 2554 etiam
808 2509 900 2572 ipse
922 2526 995 2554 ore
1026 2508 1207 2571 proprio
1243 2509 1460 2557 Dominus

79 2577 139 2624 ait
166 2594 176 2623 ε
205 2598 226 2618 «
245 2578 455 2624 Mundate
478 2596 577 2643 quae
596 2580 715 2626 intus
739 2591 856 2636 sunt,
880 2590 921 2626 et
938 2597 1037 2643 quae
1057 2579 1160 2625 foris
1177 2589 1277 2625 sunt
1295 2582 1462 2631 munda

130 2662 140 2686 ¹
159 2661 238 2692 Psal.
255 2672 327 2698 exn,
350 2662 382 2699 3,
399 2667 432 2697 4.

1271 2717 1341 2774 14.
