1758 3246
255 345 348 404 584
673 358 708 395 ὲ.
750 360 991 395 Aueusrmr
1027 362 1227 395 EPISCOPJ

253 446 480 475 causarum
498 429 735 475 alienarum
759 430 851 494 pati
869 430 922 475 tle
945 429 1123 489 negotiis
1145 431 1426 477 saecularibus
1449 431 1516 478 vel
1542 435 1619 492 ju·-

252 500 440 546 dicando
462 501 713 547 dirimendis
737 502 805 547 vel
831 502 1152 548 interveniendo
1172 502 1460 566 praecidendis
1480 521 1490 548 :
1515 505 1618 567 qui-

248 571 332 626 bus
355 589 433 618 nos
458 572 660 618 molestiis
680 572 795 618 idem
813 572 941 618 affixit
966 572 1214 636 Apostolus,
1240 591 1328 619 non
1350 575 1498 638 utique
1521 591 1614 628 suo,

248 642 319 688 sed
339 646 429 703 ejus
446 643 522 707 qui
554 661 635 706 per
653 660 750 688 eum
772 643 1034 707 loquebatur
1071 643 1250 689 arbitrio
1273 643 1315 700 1,
1343 661 1450 707 quas
1477 656 1616 691 tamen

246 712 390 775 ipsum
414 730 663 777 perpessum
696 712 823 759 fuisse
851 731 936 759 non
961 714 1152 773 legimus.
1179 714 1314 760 Aliter
1333 715 1447 760 enim
1468 732 1508 761 se
1535 716 1616 761 ha-

245 783 380 829 bebat
404 783 667 848 apostolatus
686 787 775 844 ejus
793 783 1024 831 discursus.
1053 785 1141 829 Nec
1178 783 1284 830 dixit
1304 803 1315 829 ι
1343 807 1363 826 «
1384 786 1616 832 Saecularia

243 875 265 895 »
287 855 420 914 igitur
442 854 611 915 judicia
631 855 663 900 si
680 855 920 900 habueritis
939 894 949 912 ,
977 878 998 897 n
1038 855 1092 900 ad
1115 873 1192 901 nos
1218 855 1404 913 deferte,
1432 868 1507 903 aut
1538 874 1616 903 nos

245 925 494 972 constituite
515 925 569 971 ad
583 925 873 987 judicandum
893 946 903 972 :
931 927 1021 984 sed,
1045 949 1064 966 a
1080 927 1162 973 Eos
1175 927 1251 990 qui
1268 927 1615 990 contemptibiles

245 1018 265 1037 »
287 1007 387 1042 sunt
408 996 453 1042 in
479 996 670 1042 Ecclesia
689 1034 699 1053 ‚
726 997 828 1055 hos,
861 998 1003 1062 inquit
1021 997 1281 1054 ,collocate
1309 997 1375 1043 Ad
1414 1014 1614 1044 reveren-

243 1088 263 1108 »
286 1067 392 1112 tiam
414 1068 538 1114 vobis
557 1068 655 1113 dico
675 1086 684 1112 :
712 1069 771 1113 sic
786 1086 874 1114 non
890 1079 950 1114 est
967 1069 1163 1115 intervos
1183 1069 1411 1132 quisquam
1426 1068 1610 1132 sapiens,

242 1157 263 1178 ³>
286 1137 359 1200 qui
377 1137 513 1201 possit
535 1138 647 1183 iuter
669 1138 846 1185 fratrem
872 1156 997 1185 suum
1013 1139 1237 1199 judicare3
1272 1139 1344 1184 sed
1361 1137 1492 1184 frater
1512 1156 1613 1186 cum

240 1229 260 1249 »
283 1207 413 1254 fratre
420 1208 662 1268 judicatur,
680 1220 720 1254 et
730 1210 816 1256 hoc
834 1210 953 1274 apud
969 1210 1163 1255 infideles
1180 1211 1226 1256 2?
1247 1231 1268 1251 ›>
1281 1210 1501 1273 Sapientes
1513 1227 1613 1270 ergo

239 1280 316 1342 qui
344 1279 389 1324 in
412 1279 517 1325 locis
544 1280 835 1326 consistebant
857 1281 1002 1326 fideles
1031 1292 1072 1326 et
1097 1292 1289 1336 sanctos,
1313 1298 1401 1326 non
1426 1281 1501 1344 qui
1530 1281 1613 1327 hac

239 1361 369 1413 atque
387 1350 473 1396 hac
496 1362 678 1415 propter
698 1352 980 1411 Evangelium
1007 1352 1332 1407 discurrebant,
1360 1351 1511 1397 talium
1534 1369 1612 1398 ne·—

236 1422 455 1480 gotiorum
480 1422 786 1468 examinatores
826 1440 911 1468 esse
944 1422 1094 1469 voluit.
1140 1421 1265 1467 Unde
1301 1439 1524 1485 nunquam
1559 1421 1612 1467 (le

237 1491 311 1537 illo
330 1492 542 1556 scriptum
565 1503 642 1549 est,
669 1493 788 1556 quod
806 1493 1041 1556 aliquando
1065 1493 1224 1539 talibus
1238 1493 1458 1538 vacaverit
1476 1511 1499 1538 a
1516 1492 1611 1557 qui-

235 1562 320 1609 bus
350 1581 425 1609 nos
449 1581 647 1609 excusare
670 1581 760 1609 non
782 1581 1010 1628 possumus
1026 1602 1036 1620 ,
1063 1564 1227 1609 etiamsi
1263 1563 1611 1627 contemptibiles

236 1635 394 1689 simus;
415 1636 516 1699 quia
536 1635 669 1681 ethos
694 1635 898 1681 collocari
912 1635 1064 1692 voluit,
1083 1637 1115 1682 si
1129 1636 1337 1699 sapientes
1352 1633 1605 1692 defuissent,

235 1707 380 1769 potius
397 1724 528 1771 quam
551 1719 599 1753 ut
621 1707 789 1767 negotia
813 1707 1163 1754 Christianorum
1183 1706 1449 1753 deferrentur
1474 1706 1518 1751 in
1537 1704 1608 1752 fo-

235 1797 347 1827 rum.
375 1781 518 1838 Quem
554 1791 698 1826 tamen
731 1780 924 1826 laborem
952 1798 1040 1826 non
1073 1781 1160 1826 sine
1189 1778 1480 1825 consolatione
1512 1778 1606 1823 Do—

234 1852 341 1897 mini
357 1851 614 1916 suscipimus
626 1870 708 1916 pro
725 1869 799 1915 spe
818 1851 920 1898 vitae
934 1863 1122 1909 aeternae,
1146 1863 1191 1898 ut
1211 1850 1403 1898 fructum
1421 1849 1607 1896 feramus

234 1939 334 1968 cum
371 1924 611 1971 tolerantia.
662 1924 782 1970 Servi
816 1923 929 1969 enim
978 1941 1124 1969 sumus
1159 1928 1248 1983 ejus
1293 1921 1498 1967 Ecclesiae
1514 1958 1524 1977 ,
1566 1932 1607 1967 et

232 1995 415 2040 maxime
437 1994 751 2041 infirmioribus
769 1995 992 2051 membris,
1010 1994 1265 2058 qualialibet
1285 1994 1329 2038 in
1342 1992 1493 2038 eodem
1512 2009 1606 2039 cor-

230 2081 337 2127 pore
357 2067 549 2112 membra
565 2067 709 2113 simus.
735 2066 903 2112 Omitto
920 2065 1022 2112 alias
1035 2065 1370 2112 innumerabiles
1388 2064 1604 2110 ecclesias-

232 2137 336 2182 ticas
355 2155 497 2194 curas,
519 2156 626 2201 quas
636 2137 811 2183 fortasse
830 2155 956 2184 nemo
977 2138 1114 2184 credit
1126 2138 1293 2202 nisiqui
1315 2147 1512 2200 expertus
1523 2146 1596 2182 est.

230 2210 331 2255 Non
355 2227 453 2270 ergo
479 2209 702 2271 alligamus
733 2227 862 2256 onera
886 2209 1032 2270 gravia
1070 2220 1110 2255 et
1132 2209 1326 2255 humeris
1344 2208 1495 2254 vestris
1514 2207 1603 2253 im·-

227 2280 433 2343 ponimus
450 2298 550 2345 quae
568 2299 644 2327 nos
684 2280 818 2341 digito
852 2298 940 2326 non
978 2281 1223 2341 tangimus:
1247 2277 1602 2343 quandoquidem

228 2350 262 2396 si
288 2351 419 2397 officii
452 2351 587 2397 nostri
632 2351 746 2397 salva
787 2351 952 2396 ratione
985 2368 1229 2415 possemus,
1257 2354 1268 2401 (
1283 2349 1400 2396 videt
1434 2347 1506 2394 ille
1525 2348 1601 2411 qui

226 2421 390 2484 probat
410 2422 543 2468 corda
568 2422 760 2485 nostra),
784 2420 1010 2467 mallemus
1032 2421 1131 2467 haec
1151 2438 1294 2481 agere,
1317 2436 1416 2483 quae
1433 2428 1482 2464 ut
1503 2434 1600 2477 aga-

226 2489 280 2537 tis
301 2491 550 2549 hortamur,
594 2509 724 2556 quam
766 2509 813 2538 ea
853 2509 950 2555 quae
978 2508 1054 2537 nos
1091 2508 1212 2551 agere
1233 2490 1441 2550 cogimur.
1486 2488 1599 2533 Sane

227 2563 430 2609 omnibus
453 2574 495 2610 et
512 2563 639 2609 nobis
662 2573 702 2608 et
719 2562 842 2608 vobis
865 2579 946 2625 pro
973 2571 1119 2607 nostro
1145 2560 1282 2621 gradu
1306 2570 1347 2605 et
1367 2555 1509 2604 officio
1526 2555 1596 2602 la—

224 2630 485 2681 borantibus
501 2644 542 2680 et
554 2643 671 2680 arcta
687 2632 757 2681 via
780 2632 902 2679 estin
921 2632 1070 2679 labore
1095 2642 1135 2679 et
1159 2648 1376 2685 aerumna3
1394 2639 1434 2676 et
1453 2637 1595 2675 tamen

274 2720 283 2742 ¹
309 2732 320 2752 ι
344 2721 625 2761 Cor.x111,1,-—-
645 2719 791 2766 2121d‘1,
813 2722 884 2760 4⁴⁶·
