1758 3246
319 298 373 327 DE
413 294 649 325 CONJL'GIIS
688 292 999 332 ADUL‘rE1=1N¹S‚
1039 294 1125 323 [ΑΒ.
1171 295 1198 323 1.
1369 279 1455 342 371

93 364 216 427 quasi
234 363 544 409 constituamus
567 370 666 405 ante
689 357 849 404 oculos.
882 357 995 402 Ecce
1017 357 1183 419 placuit
1200 359 1466 406 continentia

99 432 298 488 mulieri,
324 432 417 476 viro
450 447 537 474 non
577 428 778 491 placuit:
806 424 998 470 discessit
1035 427 1091 471 ab
1124 445 1174 473 eo
1210 429 1390 485 mulier,
1425 439 1468 475 et

95 503 232 565 coepit
257 501 399 547 vivere
434 499 728 552 continenter,
758 496 851 559 ipsa
888 495 1055 541 scilicet
1078 508 1195 543 casta
1231 516 1433 545 mansura
1452 537 1463 555 ‚

92 571 166 617 sed
185 571 355 617 factura
372 607 383 626 ,
405 568 526 633 quod
545 567 756 613 Dominus
775 583 863 612 non
882 565 1004 621 vult,
1030 565 1277 613 adulterum
1296 570 1436 615 virum
1453 589 1464 623 ς

93 641 167 703 qui
193 656 291 686 cum
317 657 358 684 se
382 656 468 684 non
493 637 757 684 continuerit
777 673 787 691 ‚
819 635 994 680 alteram
1023 647 1203 698 quaeret.
1235 637 1359 692 Quid
1391 656 1468 684 su·-

93 727 188 755 mus
211 710 372 755 dicturi
389 709 585 764 mulieri,
609 708 691 753 nisi
710 706 830 771 quod
856 705 965 751 dicit
994 707 1200 752 Ecclesiae
1230 726 1331 753 sana
1361 709 1469 755 doc-

95 780 234 824 trina?
256 778 409 824 Redde
427 778 628 823 debitum
653 777 745 823 viro
760 814 770 831 ‚
793 793 846 821 ne
869 775 974 820 dum
997 786 1041 822 tu
1063 777 1222 839 quaeris
1245 777 1360 823 unde
1379 796 1468 824 am·—

89 849 205 912 plius
233 848 458 893 honoreris
475 884 485 903 ‚
510 847 581 893 ille
602 846 717 892 unde
743 846 974 891 damnetur
993 846 1199 894 inveniat.
1239 848 1336 893 Hoc
1355 849 1470 894 enim

91 928 132 963 et
153 917 216 963 illi
238 917 478 962 diceremus
495 954 505 973 ‚
542 917 575 962 si
599 928 643 962 te
675 916 846 961 nolente
870 917 1094 961 continere
1124 916 1338 964 voluisset.
1372 919 1470 964 Non

90 987 205 1032 enim
223 987 360 1032 habes
389 998 645 1051 potestatem
674 986 870 1049 corporis
897 985 987 1042 tui,
1029 985 1102 1031 sed
1131 985 1202 1032 ille
1223 1005 1233 1032 ε
1258 988 1370 1033 sicut
1392 1006 1472 1034 nec

90 1055 160 1101 ille
187 1055 325 1101 habet
355 1068 614 1119 potestatem
635 1056 831 1119 corporis
863 1055 955 1111 sui,
989 1055 1062 1100 scd
1095 1066 1154 1102 tu.
1187 1057 1331 1103 Nolite
1354 1058 1472 1103 invi-

91 1143 185 1171 cem
209 1125 439 1182 fraudare,
468 1127 616 1172 nisiex
636 1143 861 1172 consensu.
894 1127 1006 1171 Cum
1032 1126 1132 1171 heec
1156 1137 1284 1190 atque
1311 1128 1472 1187 hujus-

90 1195 207 1240 modi
227 1195 353 1258 plura
370 1213 469 1259 quae
495 1196 549 1241 ad
573 1197 658 1241 hoc
682 1196 930 1258 pertineant
953 1195 1187 1238 dixerimus
1203 1232 1214 1250 ‚
1243 1197 1470 1257 placet-ne

91 1265 173 1309 tibi
194 1275 241 1309 ut
265 1266 392 1309 nobis
424 1265 579 1308 mulier
602 1280 649 1307 ex
677 1263 758 1306 ista
787 1272 861 1306 tua
880 1261 1045 1306 ratione
1065 1264 1354 1324 respondeat?
1381 1267 1472 1326 Ego

90 1332 348 1395 Apostolum
369 1332 497 1377 audio
523 1331 738 1376 dicentem
764 1348 774 1374 :
799 1352 818 1371 «
840 1331 1059 1393 Praecipio
1087 1333 1310 1379 mulierem
1330 1353 1352 1380 a
1379 1336 1471 1381 viro

90 1424 110 1444 »
128 1420 215 1448 non
234 1402 478 1456 discedere3
509 1401 628 1464 quod
652 1402 686 1446 si
714 1401 975 1457 discesserit,
1014 1419 1184 1448 manere
1206 1404 1436 1468 innuptam
1456 1444 1467 1461 ‚

91 1494 110 1513 ι)
129 1483 203 1518 aut
221 1473 315 1518 viro
334 1489 410 1518 suo
429 1471 740 1518 reconcilia1-i1.
766 1493 786 1512 »
805 1473 918 1516 Ecce
937 1471 1134 1528 discessi,
1158 1473 1258 1519 nolo
1279 1477 1468 1521 reconci-

90 1542 185 1587 liari
208 1543 303 1589 tiro
321 1579 332 1599 ,
357 1543 428 1588 sed
454 1543 642 1605 innupta
661 1559 908 1605 permaneo.
940 1543 1036 1587 Non
1056 1543 1169 1587 enim
1191 1545 1250 1589 ait
1274 1563 1284 1590 ε
1311 1546 1357 1591 Si
1375 1546 1470 1592 dis-

89 1612 284 1668 cesserit,
306 1629 479 1658 manere
493 1613 724 1675 innuptam
740 1649 752 1667 ,
775 1611 913 1657 donec
932 1613 1026 1658 viro
1047 1630 1123 1658 suo
1144 1616 1466 1671 reconcilietur3

89 1682 187 1738 sed,
215 1704 235 1724 «
257 1683 430 1727 Manere
445 1719 455 1738 ‚
476 1682 648 1745 inquit,
672 1682 904 1745 innuptam
921 1719 932 1739 ‚
954 1695 1028 1728 aut
1053 1684 1143 1728 viro
1168 1697 1245 1730 suo
1268 1688 1468 1733 reconci-

89 1773 109 1792 »
128 1752 239 1799 liari.
265 1774 285 1794 >2
309 1753 406 1798 Hoc
423 1790 434 1809 ,
457 1753 601 1815 inquit
619 1789 628 1807 ‚
655 1753 809 1808 faciat,
839 1764 913 1798 aut
932 1753 1041 1799 illud
1067 1772 1076 1798 :
1100 1771 1235 1800 unuin
1255 1773 1276 1801 e
1293 1756 1468 1804 duobus

88 1823 334 1883 eligendum
354 1824 550 1886 permisit
571 1841 580 1867 :
607 1840 696 1868 non
716 1834 860 1868 antem
879 1824 923 1869 in
946 1823 1107 1870 horum
1135 1825 1314 1872 alterum
1341 1846 1467 1874 com-

87 1892 216 1956 pulit.
250 1894 421 1938 Manere
440 1893 627 1956 innupta
649 1892 758 1952 eligo
774 1929 786 1948 ,
817 1910 866 1938 ac
900 1894 961 1939 sic
985 1907 1259 1958 praeceptum
1283 1898 1459 1961 impleo.

90 1963 272 2026 Corripe
288 1999 299 2019 ,
325 1979 452 2022 argue
468 2000 479 2018 ‚
512 1963 690 2025 increpa
705 1999 716 2019 ,
750 1973 870 2008 utere
895 1980 981 2027 qua
1008 1964 1193 2011 volueris
1215 1968 1437 2014 severitate
1452 2006 1462 2023 ‚

89 2050 121 2078 Sl
140 2050 342 2096 nupsero.

153 2102 203 2148 V.
237 2102 356 2159 Quid
377 2102 483 2148 huic
497 2102 825 2147 contradicam?
847 2102 945 2157 nisi,
970 2104 1227 2166 Apostolum
1249 2124 1337 2152 non
1354 2107 1464 2153 bene

88 2171 303 2231 intelligis
334 2172 485 2235 Neque
508 2172 622 2217 enim
640 2171 712 2217 ille
736 2173 1038 2235 praecepisset,
1064 2174 1098 2219 si
1130 2193 1151 2219 a
1182 2176 1275 2221 viro
1299 2177 1463 2223 disces-

87 2242 213 2298 serit,
232 2242 463 2305 innuptam
480 2259 650 2288 manere
667 2242 891 2288 mulierem
906 2281 916 2299 ‚
940 2245 1021 2289 nisi
1039 2262 1132 2291 eam
1154 2247 1226 2292 cui
1247 2247 1464 2293 discedere

86 2311 275 2358 licuisset
292 2348 304 2368 ,
330 2312 404 2357 illa
422 2329 508 2358 una
531 2313 732 2359 videlicet
755 2330 883 2359 causa
897 2350 908 2369 ,
931 2331 1031 2377 quee
1051 2315 1115 2361 ibi
1137 2329 1367 2381 propterea
1393 2329 1462 2364 ta-

88 2382 173 2427 cita
191 2393 253 2426 est
268 2419 279 2437 ‚
306 2383 408 2445 quia
430 2383 651 2430 notissima
672 2395 761 2440 est,
783 2384 870 2430 hoc
890 2395 975 2442 est,
999 2385 1309 2435 fornicationis.
1336 2390 1461 2435 Hanc

87 2451 201 2496 enirn
220 2450 354 2496 solam
379 2453 492 2498 Deus
521 2454 722 2513 magister
747 2455 943 2517 excepit,
984 2466 1084 2502 'cum
1120 2456 1174 2502 de
1201 2457 1459 2504 dimittenda

89 2519 335 2583 loqueretur
357 2536 509 2576 uxore3
533 2522 740 2587 deditque
768 2524 950 2585 intelligi
974 2525 1102 2572 talem
1125 2525 1309 2574 formam
1331 2529 1459 2575 etiam

82 2637 86 2640 ,
138 2604 148 2625 ¹
168 2608 181 2634 i
198 2603 270 2637 Cor.
288 2613 345 2644 vu,
358 2613 414 2643 20,
427 2608 459 2636 et
472 2614 517 2639 xt.

1251 2668 1324 2722 24.
