1758 3246
323 288 347 340 s,
365 301 413 330 12
743 299 776 327 s.
821 296 1064 328 AUGUSTINI
1099 296 1301 327 EP1scoP1

325 366 624 411 Christianum
649 365 863 410 neminem
887 364 1115 419 reluctari,
1139 363 1383 410 adulterum
1403 381 1509 419 esse,
1532 365 1608 428 qui
1626 365 1693 411 vel

326 436 402 481 diu
426 435 655 495 languente
673 472 684 490 ‚
719 434 787 481 vet
813 435 889 480 diu
915 434 1091 479 absente
1110 469 1121 488 ‚
1155 434 1223 479 vel
1257 434 1525 481 continenter
1554 436 1695 481 vivere

324 506 527 569 cupiente
540 522 614 550 sua
629 521 759 550 uxore
773 504 893 550 alteri
912 504 1167 549 commixtus
1183 514 1245 548 est
1264 503 1474 550 foeminae.
1501 504 1573 550 Sic
1596 521 1696 565 ergo

327 587 368 622 et
391 577 564 623 dimissa
580 576 774 621 adultera
787 613 798 632 ‚
816 575 986 621 adulter
1003 585 1064 619 est
1077 591 1177 620 cum
1197 574 1327 620 altera
1353 593 1363 619 :
1386 576 1591 639 quoniam
1609 592 1699 621 non

326 647 396 693 ille
415 684 426 703 ,
464 657 538 692 aut
569 647 665 700 ille3
698 646 770 692 sed
791 683 801 700 ,
830 667 850 687 «
877 644 1032 691 Omnis
1054 645 1130 708 qui
1154 644 1336 690 dimittit
1359 662 1531 692 uxorem
1552 663 1696 701 suam,

326 738 347 760 »
371 728 412 763 et
431 717 554 762 ducit
577 717 777 772 alteram,
804 714 1099 762 moechaturt.
1129 736 1148 755 »
1189 715 1471 779 Quapropter
1496 717 1530 762 si
1551 734 1573 762 a
1594 733 1701 762 con-

320 787 458 846 Jugali
476 786 652 831 vinculo
678 786 883 831 immunis
904 785 1045 830 minus
1063 785 1286 847 appetitur
1312 787 1401 831 vita
1425 796 1672 832 sanctorum
1690 823 1701 841 ,

326 857 605 902 exhorreatur
624 874 758 919 poena
775 856 1053 902 moechorum
1083 873 1094 900 ε
1111 865 1153 900 et
1171 856 1324 901 timore
1342 855 1490 901 saltem
1512 856 1706 902 frenetur

330 927 682 990 concupiscentia
704 964 714 980 ,
754 928 787 972 si
833 943 976 972 amore
1008 943 1095 971 non
1125 926 1300 984 eligitur
1337 927 1616 972 continentia.
1661 927 1706 972 Si

327 997 442 1041 enim
469 997 546 1041 ubi
563 1008 626 1042 est
652 997 797 1050 timor,
827 1006 1030 1059 operetur
1047 995 1199 1049 lab0r3
1225 995 1303 1042 ubi
1327 1007 1417 1041 erat
1441 995 1568 1042 labor
1591 1033 1602 1051 ‚
1628 997 1709 1041 erit

329 1076 371 1110 et
393 1083 524 1112 amor.
554 1068 652 1112 Non
676 1067 789 1112 enim
821 1066 1132 1112 considendum
1161 1077 1224 1111 est
1248 1065 1301 1111 de
1324 1067 1479 1111 nostris
1501 1066 1667 1112 viribus
1694 1084 1705 1110 z

330 1136 402 1182 sed
422 1138 558 1183 oratio
579 1137 855 1198 adjungenda
893 1137 1122 1183 conatibus
1140 1174 1151 1193 ,
1176 1147 1225 1182 ut
1247 1137 1428 1202 impleat
1449 1137 1578 1183 bonis
1595 1174 1606 1194 ,
1634 1137 1712 1201 qui

327 1206 513 1253 deterret
539 1226 560 1253 a
588 1208 723 1253 malis.

399 1280 517 1325 XIV.
558 1279 916 1343 Respondeamus
932 1278 1060 1323 etiam
1081 1277 1134 1322 ad
1151 1277 1260 1323 illud
1275 1314 1286 1331 ‚
1302 1277 1379 1322 ubi
1393 1288 1522 1340 putas
1537 1277 1715 1323 maritos

337 1347 389 1392 ad
414 1349 658 1411 puniendas
699 1349 914 1394 adulteras
945 1348 1034 1393 sine
1063 1346 1150 1392 ulla
1175 1347 1448 1392 miseratione
1474 1347 1678 1411 compelli
1700 1367 1712 1401 3
1756 1388 1758 1390 ,

338 1435 436 1463 cum
461 1420 613 1464 volunt
635 1437 704 1465 eas
727 1419 838 1464 mori
855 1456 865 1474 ‚
896 1419 929 1464 si
952 1418 1010 1463 eis
1032 1417 1282 1463 viventibus
1299 1434 1386 1462 non
1408 1417 1511 1462 licet
1534 1419 1592 1463 eis
1613 1417 1716 1463 alte·
1757 1470 1758 1474 Ἰ

336 1505 402 1533 ras
425 1488 596 1535 ducere.
632 1489 775 1545 Quam
791 1487 1091 1534 crudelitatem
1111 1486 1258 1532 volens
1276 1503 1524 1547 exaggerare
1540 1486 1682 1533 dixisti
1701 1503 1713 1532 τ
1756 1515 1758 1534 ι

341 1578 361 1597 «
387 1559 485 1603 Non
507 1558 617 1604 mihi
636 1558 825 1613 videtur,
859 1557 1148 1604 amantissime
1169 1567 1315 1620 pater,
1337 1556 1411 1602 'hic
1440 1556 1613 1604 divinus
1632 1573 1720 1603 esse
1755 1576 1758 1600 ι

344 1650 363 1669 »
386 1646 528 1675 sensus
547 1666 557 1685 ,
585 1629 662 1675 ubi
690 1628 935 1689 benignitas
957 1638 998 1673 et
1021 1627 1158 1691 pietas
1183 1627 1479 1674 excluditur.»
1506 1628 1573 1673 Ita
1600 1627 1719 1673 istud
1755 1632 1758 1682 ὲ

345 1698 477 1755 dicis,
520 1699 642 1762 quasi
676 1709 908 1762 propterea
936 1697 1082 1743 mariti
1101 1714 1280 1760 parcere
1304 1697 1492 1743 debeant
1517 1696 1722 1743 adulteris

345 1768 561 1825 foeminis,
591 1769 693 1833 quia
718 1769 819 1815 licet
844 1769 903 1814 eis
935 1768 1085 1814 alteras
1109 1767 1298 1819 duce1·e;
1334 1777 1383 1813 ut:
1414 1768 1448 1813 si
1481 1766 1719 1822 nonlicet,
1754 1788 1758 1827 5

346 1857 435 1885 non
453 1850 635 1902 parcant
658 1850 705 1884 ut
721 1839 861 1885 liceat.
895 1839 1104 1894 Quinimo
1127 1849 1356 1900 propterea
1376 1838 1536 1883 debent
1564 1854 1725 1900 pecca·

350 1910 533 1955 tricibus
558 1910 754 1973 praebere
777 1908 1117 1954 misericordiam
1135 1944 1146 1962 ‚
1175 1918 1282 1952 utet
1301 1907 1384 1970 ipsi
1408 1924 1489 1969 pro
1515 1907 1600 1952 suis
1619 1923 1727 1970 pec·
1754 1922 1756 1939 1

354 1980 458 2025 catis
497 1979 833 2024 misericordiam
864 1988 1197 2040 consequantur.
1243 1977 1298 2021 Et
1322 1976 1460 2022 multo
1485 1976 1618 2036 magis
1642 1976 1727 2021 hoc
1754 2011 1756 2015 .

352 2051 410 2096 eis
432 2050 680 2095 faciendum
702 2061 763 2095 est
778 2087 788 2105 ‚
806 2049 882 2113 qui
902 2048 1086 2094 dimissis
1103 2047 1310 2093 uxoribus
1328 2046 1531 2092 adulteris
1545 2046 1730 2108 cupiunt

354 2122 496 2167 vivere
522 2122 805 2167 continenter.
843 2122 984 2166 Tanto
1009 2120 1174 2182 quippe
1198 2118 1357 2163 debent
1376 2135 1461 2163 esse
1485 2118 1730 2162 misericor·

354 2193 492 2238 diores
514 2230 525 2247 ‚
545 2202 709 2255 quanto
728 2191 882 2237 volunt
897 2208 983 2236 esse
1001 2190 1233 2235 sanctiores
1256 2206 1266 2233 :
1293 2199 1339 2234 ut
1355 2199 1396 2234 et
1414 2188 1469 2233 ad
1493 2188 1731 2233 castitatem
1753 2191 1756 2235 ὲ

355 2263 400 2308 in
415 2281 455 2308 se
474 2263 576 2326 ipsis
590 2261 841 2307 servandam
858 2260 1067 2306 divinitus
1081 2259 1357 2319 adjuventur,
1375 2258 1480 2304 dum
1493 2257 1733 2304 castitatem
1754 2294 1755 2301 ,

359 2334 416 2378 ab
442 2333 647 2378 uxoribus
668 2332 868 2377 violatam
893 2347 971 2375 nec
998 2330 1078 2393 ipsi
1098 2330 1350 2374 humanitus
1368 2328 1653 2374 ulciscuntur.
1681 2328 1755 2371 Et*

357 2403 541 2449 maxime
556 2420 635 2448 vox
654 2402 726 2447 illa
746 2402 964 2447 dominica
982 2411 1043 2446 cst
1057 2401 1114 2446 eis
1134 2401 1177 2445 in
1197 2400 1447 2445 memoriam
1464 2397 1703 2443 revocanda
1719 2433 1731 2453 ‚
1752 2428 1754 2464 ᾗ

361 2496 379 2514 «
404 2473 492 2529 Qui
522 2474 610 2519 sine
629 2483 811 2536 peccato
835 2483 896 2517 cst
914 2509 924 2527 ‚
953 2472 1074 2535 prior
1096 2471 1140 2516 in
1157 2469 1275 2515 illam
1296 2469 1484 2533 lapidem
1503 2468 1637 2528 jaciat
1651 2467 1684 2514 2.
1716 2465 1753 2510 »ἕ

365 2544 461 2588 ‘Non
491 2560 501 2586 ε
526 2542 614 2599 Qui
648 2543 736 2588 sine
771 2542 866 2605 ipso
888 2552 1069 2606 peccato
1093 2551 1152 2587 est
1171 2577 1182 2596 ⁹
1207 2540 1413 2604 quoniam
1440 2539 1663 2607 loquimur
1685 2537 1753 2609 de}

408 2626 510 2658 ³Lttr.
533 2628 732 2664 xxt718.—
749 2624 763 2646 ²
782 2627 876 2659 Joau.
899 2636 976 2666 viix3
1004 2636 1033 2658 ·.
