1758 3246
288 279 379 342 375³.
707 293 742 322 s,
785 291 1025 322 Αυαιτετικι
1064 289 1263 322 eviscovi

287 358 445 404 inviro
473 372 558 400 esse
584 356 839 402 servandam
862 375 871 402 :
897 359 1101 421 quoniam
1124 375 1210 403 non
1235 358 1373 402 solum
1402 358 1554 404 mulier
1570 377 1657 405 non

288 428 424 473 habet
447 436 702 490 potestatem
729 429 924 491 corporis
942 429 1032 485 sui,
1071 429 1144 474 sed
1179 430 1270 482 vir3
1304 428 1374 473 sed
1404 429 1597 475 similiter
1619 441 1661 475 et

285 497 352 542 vir
375 513 461 541 non
485 496 619 541 habet
642 507 898 559 potestatem
917 499 1113 561 corporis
1133 499 1198 543 sui
1219 536 1229 554 ,
1253 498 1325 543 sed
1350 498 1516 545 mulier.
1547 500 1660 545 Cum

286 583 386 626 ergo
412 576 538 610 tuum
561 566 765 611 maritum
797 584 971 626 arguere
1000 567 1053 612 de
1083 566 1365 612 fornicatione
1386 585 1474 612 non
1495 569 1632 631 possis
1647 605 1657 624 ,

285 635 505 699 quomodo
528 646 657 698 putas
674 636 793 698 quod
816 637 872 681 ab
895 654 944 681 eo
969 635 1154 681 discedis
1183 653 1273 682 non
1305 637 1512 682 nubendo
1531 654 1662 682 excu-

286 722 377 751 sare
395 743 405 761 ,
432 724 455 750 a
479 722 566 768 quo
587 705 667 749 tibi
689 722 775 750 nou
797 706 897 751 licet
915 706 1091 752 omnino
1114 705 1362 751 discedere?
1388 708 1503 752 Cum
1523 708 1620 752 haec
1640 725 1663 752 a

285 776 412 822 nobis
433 776 586 821 mulier
614 775 822 833 audierit,
857 787 967 840 puto
1001 776 1120 840 quod
1139 776 1250 821 nolis
1275 794 1366 822 eam
1392 778 1453 823 sic
1482 795 1664 840 respon-

287 846 386 891 dere
402 883 412 901 ,
440 855 489 890 ut
512 845 629 889 dicat
655 857 884 908 propterea
916 864 957 891 se
980 863 1151 891 manere
1170 846 1400 908 innuptam
1419 883 1429 901 ,
1452 847 1553 908 quia
1577 847 1666 891 sine

288 914 376 960 ulla
399 914 482 959 viri
499 912 785 960 fornicatione.
811 915 1031 971 discessit,
1058 933 1158 960 nam
1179 916 1212 959 si
1236 915 1306 959 ille
1337 915 1574 961 fornicatus
1597 932 1667 960 es-

286 995 376 1035 set,
409 1001 498 1029 non
529 983 667 1029 solum
704 985 787 1029 sibi
823 984 1065 1041 discedere,
1099 984 1381 1030 verumetiam
1411 985 1574 1030 nubere
1609 984 1667 1028 li-

287 1054 461 1100 cuisset.

352 1124 426 1170 vl.
470 1125 759 1187 Nequaquam
779 1123 866 1169 hoc
889 1124 961 1169 illa
981 1124 1168 1180 diceret,
1197 1140 1297 1169 cum
1316 1121 1358 1168 'et
1374 1124 1465 1187 ipse
1483 1124 1538 1169 sis
1554 1140 1669 1170 vere-

288 1191 504 1237 cundatus
523 1194 651 1236 istam
675 1193 935 1237 mulieribus
954 1194 1056 1239 dare
1082 1194 1315 1240 licentiam.
1350 1194 1501 1239 Dixisti
1520 1194 1634 1239 enim
1656 1211 1666 1237 :

290 1284 311 1303 «
335 1262 380 1307 Si
403 1263 470 1307 x‘ir
496 1278 670 1307 uxorem
701 1261 940 1306 adulteram
972 1262 1184 1307 dimiserit
1201 1298 1211 1317 ,
1254 1274 1295 1306 et
1325 1263 1452 1308 aliam
1477 1263 1667 1318 duxerit,

292 1353 313 1373 ›>
330 1331 486 1377 mulier
515 1342 684 1377 tantum
709 1331 1001 1394 opprobrium
1035 1331 1233 1377 habebit.
1277 1331 1322 1376 Si
1347 1342 1492 1377 autem
1517 1331 1674 1376 mulier

294 1424 314 1443 »
334 1401 585 1465 supradicta
604 1418 733 1447 causa
755 1403 898 1446 virum
922 1401 1162 1456 dimiserit,
1186 1411 1228 1445 et
1246 1400 1317 1446 alii
1340 1402 1562 1464 nupserit,
1585 1418 1674 1446 non

293 1494 314 1514 υ
333 1474 401 1517 vir
417 1483 586 1517 tantum
602 1509 613 1528 ,
635 1471 709 1516 sed
726 1481 768 1516 et
784 1471 939 1517 mulier
962 1471 1253 1534 opprobrium
1272 1471 1469 1518 habehit.
1494 1493 1515 1513 ))
1537 1472 1674 1531 Cujus

295 1542 518 1587 sententiae
542 1552 630 1586 tuae
652 1541 864 1586 rationem
885 1540 1068 1586 reddens
1091 1559 1101 1585 ε
1130 1562 1151 1582 α
1172 1541 1330 1586 Dicent
1347 1542 1486 1598 enim,
1509 1541 1670 1605 inquis,

296 1633 317 1654 >³
336 1629 431 1657 eam
453 1611 551 1657 ideo
575 1611 814 1657 discessisse
829 1649 841 1668 ,
868 1622 917 1657 ut
941 1611 1073 1657 alium
1097 1612 1242 1658 virum
1261 1612 1343 1657 sibi
1364 1616 1672 1672 conjungeret,

296 1703 317 1724 »
336 1683 413 1727 etsi
437 1681 532 1727 talis
549 1681 657 1727 forte.
681 1681 814 1727 fuerit
831 1681 971 1745 qualis
986 1700 1006 1727 a
1026 1699 1114 1745 quo
1139 1682 1334 1727 discessit
1348 1719 1360 1738 ,
1384 1699 1596 1745 perquam
1615 1681 1678 1728 fa·

299 1774 320 1794 »
339 1752 420 1798 cile
437 1752 552 1797 enim
571 1752 675 1797 viris
696 1762 758 1796 est
777 1789 788 1807 ,
810 1752 855 1797 in
874 1752 960 1797 hoc
982 1752 1128 1796 morbi
1148 1752 1303 1798 vitium
1322 1751 1498 1797 irruere.
1531 1751 1577 1796 Si
1595 1768 1677 1796 au-

298 1844 319 1864 »
338 1834 423 1868 tem
445 1833 487 1868 et
502 1824 647 1885 ipsum
665 1821 901 1878 dimiserit,
924 1832 967 1867 et
983 1822 1054 1867 a'lii
1068 1822 1286 1884 nupserit,
1309 1821 1444 1880 magis
1459 1821 1679 1884 magisque

299 1914 321 1935 »
340 1893 487 1938 dicent
517 1909 612 1937 eam
646 1891 999 1938 numerositatem
1035 1891 1228 1936 virorum
1265 1891 1489 1953 appetisse.
1525 1911 1547 1932 »
1585 1891 1679 1936 Hac

301 1962 473 2008 reddita
492 1962 659 2007 ratione
677 1961 905 2007 concludis
919 1998 930 2017 ,
952 1971 995 2005 et
1012 1960 1121 2006 dicis
1142 1978 1152 2005 :
1181 1982 1202 2001 <c
1220 1960 1299 2005 His
1322 1977 1421 2019 ergo
1443 1970 1681 2023 pertracta-

301 2054 323 2075 »
343 2033 394 2078 tis
409 2032 476 2079 vel
495 2033 626 2078 etiam
647 2032 849 2078 discussis
865 2069 875 2088 ,
897 2041 1069 2095 oportet
1083 2031 1307 2076 mulierem
1325 2030 1468 2076 virum
1481 2030 1677 2087 tolerare,

304 2125 326 2147 2>
348 2113 421 2148 aut
438 2103 671 2165 innuptam
691 2119 878 2149 manere.
902 2123 924 2144 »
947 2107 1118 2148 Bonum
1136 2101 1265 2166 plane
1282 2100 1440 2146 dedisti
1455 2100 1683 2146 consilium

304 2174 583 2230 mulieribus,
606 2183 655 2218 ut
673 2190 773 2219 cum
795 2174 932 2219 sciant
967 2173 1050 2218 sibi
1072 2190 1157 2218 esse
1187 2172 1445 2236 permissum
1459 2209 1471 2229 ,
1495 2172 1529 2217 si
1552 2171 1683 2217 adul-

305 2256 418 2290 teros
436 2244 551 2290 viros
573 2243 816 2288 dimiserint
830 2280 841 2299 ,
871 2243 962 2288 aliis
981 2243 1231 2303 conjugari,
1253 2259 1342 2287 non
1362 2252 1506 2288 tamen
1524 2241 1685 2287 faciant

304 2324 489 2378 propter
510 2313 802 2377 opprobrium
823 2349 836 2370 ,
859 2312 932 2358 sed
949 2312 1096 2376 potius
1117 2312 1300 2357 tolerent
1319 2312 1446 2357 etiam
1468 2310 1685 2357 adulteros

306 2386 445 2441 viros,
472 2401 526 2430 ne
549 2384 780 2430 videantur
814 2383 900 2429 hac
931 2383 1155 2429 occasione
1180 2383 1329 2428 multis
1351 2382 1460 2429 velle
1485 2380 1680 2435 misceri,

306 2473 357 2501 eo
391 2454 510 2519 quod
538 2453 718 2500 difficile*
748 2454 801 2500 sit
819 2491 830 2511 ,
867 2463 916 2499 ut
939 2471 1028 2499 non
1051 2453 1180 2498 talem
1213 2452 1403 2499 inveniat
1432 2450 1588 2495 mulier
1613 2450 1686 2494 cui

305 2524 474 2582 nubat,
509 2524 650 2588 qualis
681 2523 812 2570 fuerit
850 2539 979 2586 quem
1011 2522 1199 2578 dimisit,
1237 2520 1445 2584 quoniam
1482 2519 1608 2566 valde
1638 2519 1686 2565 in

305 2596 426 2642 hunc
450 2596 657 2643 morbum
695 2606 796 2644 sunt
827 2593 1041 2658 proclives
1078 2592 1175 2643 viri.
1211 2591 1324 2639 Cum
1346 2608 1446 2653 ergo
1465 2607 1543 2640 nos
1568 2589 1684 2638 dici-

1755 224 1758 279 ι]

1755 282 1758 371 i

1756 405 1758 425 1
