1758 3246
333 258 427 314 254
741 276 776 305 s,
819 275 1060 307 Amissum
1094 276 1297 307 muscom

332 350 416 384 tur.
445 338 616 382 Debent
630 355 729 397 ergo
743 339 825 384 sibi
840 341 1061 399 conjugati
1072 358 1160 385 non
1179 341 1318 385 solum
1340 337 1474 401 ipsius
1497 354 1615 384 sexus
1635 340 1699 385 sui

334 407 643 452 commiscendi
679 408 828 463 fidem,
866 408 1103 454 liberorum
1140 408 1509 472 procreandorum
1549 424 1695 464 causa,

331 493 432 538 quae
449 477 590 539 prima
611 489 673 522 est
698 478 881 523 humani
907 479 1069 537 generis
1091 479 1137 523 in
1159 479 1238 524 ista
1271 478 1533 523 mortalitate
1559 478 1691 523 socie-

332 555 426 600 tas;
472 548 753 593 verumetiam
794 548 1059 593 infirmitatis
1095 548 1282 593 invicem
1319 547 1608 610 excipiendae,
1646 546 1701 592 ad

328 624 505 670 illicitos
537 625 802 670 concubitus
842 625 1090 680 evitandos,
1124 635 1323 670 mutuam
1358 626 1550 688 quodam
1570 625 1701 670 modo

330 694 487 741 ‘servitu
499 705 580 739 tem
600 714 612 747 3
639 705 687 739 ut
700 694 778 739 etsi
795 694 914 739 alteri
929 711 1077 739 eorum
1093 703 1301 756 perpetua
1320 695 1580 757 continentia
1600 694 1702 758 pla-

331 773 450 817 ceat,
491 763 573 807 nisi
618 779 666 806 ex
704 763 878 807 alterius
923 779 1132 808 consensu
1158 779 1246 807 non
1270 764 1418 826 possit.
1449 765 1506 809 Et
1534 764 1589 809 ad
1616 764 1701 809 hoc

326 832 441 875 enim
460 848 565 876 uxor
577 844 665 876 non
689 831 826 876 habet
848 841 1106 893 potestatem
1127 833 1323 893 eorporis
1344 834 1427 888 sui,
1455 833 1528 878 sed
1553 833 1622 893 vir
1651 832 1698 886 13

328 906 524 951 similiter
541 916 582 951 et
604 907 670 951 vir
712 923 800 950 non
837 905 974 950 habet
1001 915 1255 967 potestatem
1285 907 1481 969 corporis
1509 907 1592 963 sui,
1628 907 1701 953 sed

331 975 513 1020 mulier:
541 986 588 1020 ut
610 986 651 1020 et
664 975 785 1038 quod
809 992 895 1019 non
917 974 1107 1020 filiorum
1131 976 1524 1037 procreandorum,
1541 977 1614 1022 sed
1638 977 1703 1021 in-

328 1045 544 1089 firmitatis
567 1054 609 1089 et
630 1045 960 1088 incontinentiae
983 1061 1111 1089 causa
1136 1046 1309 1107 expetit,
1334 1045 1399 1091 vel
1428 1045 1500 1090 ille
1525 1046 1578 1091 de
1603 1062 1700 1090 ma-

330 1113 552 1168 trimoni0‚
579 1113 648 1158 vel
666 1113 741 1157 illa
761 1114 814 1157 de
832 1114 1005 1167 marito,
1029 1131 1116 1158 11011
1135 1114 1219 1159 sibi
1241 1115 1494 1160 alterutrum
1514 1125 1668 1175 negent
1685 1132 1697 1159 :

327 1194 382 1226 ne
399 1199 477 1243 per
501 1183 587 1227 1106
610 1181 811 1227 incidant
838 1185 883 1226 in
901 1182 1169 1228 damnabiles
1197 1184 1485 1247 corruptelas,
1511 1195 1701 1230 tentante

329 1251 485 1296 Satana
499 1288 509 1307 ,
533 1269 694 1313 propre
710 1252 1093 1308 incontinentiam,
1118 1253 1185 1298 vel
1201 1255 1430 1300 amborum
1446 1291 1457 1309 ‚
1474 1255 1541 1300 Vel
1551 1259 1701 1314 cujus-

328 1337 461 1382 quam
500 1333 669 1366 corum.
723 1321 974 1379 Conjugalis
1010 1322 1126 1365 6111111
1167 1322 1426 1367 concubitus
1470 1323 1701 1382 generandi

326 1391 486 1448 gratia,
530 1407 619 1434 non
652 1390 786 1434 habet
825 1390 1001 1451 culpam
1023 1411 1033 1443 3
1081 1391 1448 1453 concupiscentiae
1485 1409 1585 1438 vero
1627 1409 1699 1438 sa-

326 1459 503 1510 tiandae,
524 1459 597 1502 sed
628 1469 775 1503 'tamen
798 1476 899 1504 611111
925 1464 1132 1519 conjuge,
1175 1472 1358 1523 propter
1395 1462 1514 1507 thori
1538 1461 1668 1508 sidem
1685 1500 1696 1519 ‚

323 1528 533 1572 venialem
553 1528 690 1572 habet
713 1528 889 1590 culpam
914 1547 923 1573 :
945 1529 1206 1574 adulterium
1225 1547 1325 1575 vero
1355 1531 1441 1577 sive
1471 1531 1700 1578 fornicatio

323 1596 529 1641 lethalem
549 1597 683 1642 habet
714 1597 906 1660 culpam.
947 1601 1010 1644 Ac
1040 1616 1118 1661 per
1140 1600 1228 1644 1106
1254 1600 1407 1645 melior
1427 1602 1490 1646 est
1522 1599 1700 1664 quidem

325 1667 381 1712 ab
415 1667 532 1711 omni
559 1668 796 1713 concubitu
816 1669 1100 1725 continentia,
1124 1686 1256 1731 quam
1277 1669 1341 1716 vc]
1358 1671 1448 1733 ipse
1469 1671 1699 1715 matrimo-

326 1737 454 1782 nialis
474 1738 736 1783 concubitus
756 1776 766 1794 ,
788 1739 863 1801 qui
887 1740 938 1783 fit
964 1755 1093 1784 causa
1129 1740 1330 1799 gignendi
1352 1759 1362 1786 ε
1386 1741 1458 1786 sed
1493 1741 1594 1804 quia
1626 1741 1700 1786 illa

321 1807 589 1853 continentia
628 1809 770 1854 merit-i
803 1809 1024 1872 amplioris
1054 1820 1116 1854 est
1145 1810 1324 1856 reddere
1364 1827 1466 1857 vero
1499 1811 1699 1857 debitum

322 1877 565 1936 conjugale,
593 1878 754 1923 nullius
778 1889 839 1923 est
852 1879 1061 1935 criminis,
1083 1879 1245 1938 exigere
1270 1891 1413 1925 autem
1430 1881 1546 1926 ultra
1568 1899 1699 1941 gene-

322 1946 448 1991 randi
473 1948 765 1992 necessitatem
785 1985 796 2003 ‚
842 1949 986 2011 culpae
1030 1949 1226 2004 venialis,
1266 1950 1473 1996 fornicari
1509 1963 1610 1996 'vero
1631 1951 1700 1998 vel

318 2016 551 2071 moechari,
575 2017 787 2079 puniendi
805 2019 1023 2072 criminis3
1060 2036 1210 2064 cavere
1237 2019 1368 2065 debet
1391 2021 1580 2066 charitas
1595 2037 1698 2066 con-

313 2085 570 2143 jugalis‚ne
607 2087 714 2129 dum
751 2088 834 2130 sibi
866 2089 1023 2148 quaerit
1055 2088 1170 2132 unde
1212 2090 1402 2152 amplius
1435 2091 1694 2147 honoretur,

319 2153 495 2212 conjugi
517 2152 650 2199 filciat
670 2154 783 2199 unde
802 2155 1046 2203 damnetur.
1075 2179 1095 2199 c<
1115 2158 1207 2213 'Qui
1231 2160 1345 2204 enim
1382 2160 1564 2206 dimittit
1588 2177 1697 2207 uxo-

321 2242 342 2262 »
362 2239 453 2267 rem
472 2239 611 2279 suam,
638 2235 812 2287 excepta
833 2242 962 2270 causa
985 2226 1282 2274 fornicationis
1296 2267 1307 2286 ,
1331 2229 1437 2276 facit
1455 2247 1550 2276 eam
1587 2246 1697 2277 moe-
1757 2247 1758 2250 ’

321 2312 342 2333 >)
364 2292 489 2337 chari
508 2293 542 2340 ².
573 2314 594 2335 »
640 2295 784 2358 Usque
827 2296 933 2340 adeo
964 2297 1112 2343 foedus
1148 2299 1258 2345 illud
1297 2301 1455 2346 initum
1499 2301 1696 2365 nuptiale

321 2362 549 2421 cujusdam
581 2365 836 2410 sacramenti
855 2383 919 2410 res
938 2378 997 2412 cst
1013 2405 1023 2421 ‚
1057 2379 1105 2413 ut
1128 2386 1206 2414 nec
1224 2370 1318 2432 ipsa
1342 2372 1610 2433 separatione
1629 2370 1695 2414 ir-

319 2431 454 2476 ritum
486 2433 590 2478 fiat:
610 2434 966 2498 quandoquidem
982 2438 1154 2485 vivente
1188 2439 1306 2495 viro,
1336 2449 1378 2484 ct
1398 2455 1421 2483 a
1445 2452 1533 2502 quo
1547 2438 1695 2486 relicta

369 2529 379 2551 ¹
406 2542 419 2561 ι
445 2532 521 2566 Cor,
539 2537 590 2564 vn
605 2559 615 2578 ‚
633 2539 667 2571 4.
683 2553 726 2559 —-
745 2532 761 2557 ²
778 2535 899 2568 Matth.
921 2547 950 2577 v,
972 2538 1027 2571 32.
