1758 3246
287 306 379 367 49ss
696 317 730 347 s,
773 315 1009 345 Auorsrlffl
1051 314 1251 344 nriseom

284 396 399 432 recte
418 383 580 430 dicitur
599 385 744 443 jurare
762 380 960 426 debuisse
979 396 1020 424 se
1039 397 1123 425 esse
1141 379 1359 425 facturum
1376 417 1388 435 ,
1409 380 1526 444 quod
1553 399 1658 445 pos—

283 468 350 502 tea
375 464 566 501 cerneret
589 470 630 498 se
658 451 801 498 facere
830 467 918 496 non
951 449 1120 496 debere.
1164 451 1289 496 [nde
1314 461 1510 508 constat,
1539 451 1659 514 quod

284 543 373 572 non
394 523 540 571 omnia
563 539 663 587 quae
692 540 715 568 a
747 521 904 567 sanctis
928 519 992 565 vel
1010 520 1137 579 justis
1167 520 1269 565 viris
1296 520 1481 580 legimus
1511 520 1626 568 facta
1644 558 1656 579 ,

284 594 511 643 transferre
527 593 735 640 debemus
750 592 795 638 in
814 608 974 644 mores;
997 590 1211 635 sedetiam
1232 590 1336 636 hinc
1353 590 1515 638 discere
1527 609 1660 656 quam

284 667 367 713 late
392 675 562 730 pateat,
593 674 634 709 et
657 662 712 708 ad
739 679 848 725 quos
877 677 1012 724 usque
1044 660 1270 724 perveniat
1291 661 1409 724 quod
1429 662 1663 725 Apostolus

287 738 346 783 ait
368 755 378 783 ε
400 737 600 780 «Fratres
616 771 627 790 ,
655 733 732 778 etsi
755 742 1092 796 praeoccupatus
1128 731 1258 777 fuerit
1290 732 1422 777 homo
1447 733 1493 778 in
1517 733 1663 797 aliquo

286 829 307 850 ›>
333 807 489 853 delicto
507 842 518 860 ,
542 821 617 849 vos
638 803 714 866 qui
735 801 946 867 spiritales
974 801 1093 857 estis,
1114 801 1313 847 instruite
1336 801 1589 861 hujusmodi
1617 803 1664 848 in

287 900 308 921 ³)
332 877 488 941 spiritu
506 875 691 921 lenitatis
705 911 716 930 ,
744 872 970 919 intendens
988 882 1027 916 te
1047 871 1191 935 ipsum
1215 889 1267 917 ne
1287 882 1329 916 et
1349 883 1396 917 tu
1411 871 1623 920 tenterisl.
1644 894 1665 915 >2

289 946 694 1009 Praeoccupationes
714 944 827 989 enim
859 953 959 988 sunt
990 942 1083 987 istae
1103 942 1148 987 in
1171 942 1332 1005 quibus
1354 941 1623 1006 delinquitur
1649 978 1662 1000 ‚

287 1016 393 1063 dum
416 1015 524 1080 quid
549 1013 799 1059 faciendum
821 1012 874 1057 sit
899 1023 973 1057 aut
1000 1011 1054 1057 ad
1080 1011 1237 1057 horam
1261 1029 1348 1056 non
1367 1010 1564 1069 videtur,
1594 1023 1670 1058 aut

286 1099 329 1134 et
353 1087 427 1151 qui
452 1085 833 1137 videritvincitum
857 1094 903 1128 ut
923 1082 1086 1129 scilicet
1106 1084 1424 1146 fiatpeccatum
1442 1119 1453 1138 ,
1481 1099 1582 1129 cum
1601 1081 1670 1131 vel

285 1159 390 1204 latet
412 1157 566 1203 veritas
585 1193 596 1208 ‚
624 1154 691 1202 vel
714 1153 940 1217 compellit
966 1153 1208 1199 infirmitas.

350 1229 517 1274 XXIII.
561 1227 614 1271 In
650 1226 853 1270 omnihus
892 1234 1036 1269 autem
1081 1224 1249 1269 actibus
1299 1223 1454 1269 nostris
1486 1224 1668 1270 maxime

286 1300 414 1345 etiam
435 1298 572 1343 bonos
607 1295 787 1341 turbant
823 1294 1145 1356 compensativa
1184 1304 1394 1357 peccata;
1427 1294 1485 1339 ita
1514 1303 1561 1338 ut
1589 1311 1668 1340 nec

286 1380 468 1433 peccata
487 1367 800 1420 existimentur,
822 1365 857 1410 si
872 1364 1064 1409 habeant
1084 1364 1187 1409 tales
1200 1381 1347 1409 causas
1362 1374 1542 1427 propter
1560 1380 1669 1427 quas

287 1441 393 1485 fiant
411 1476 422 1495 ,
449 1448 491 1484 et
510 1441 556 1482 in
579 1435 740 1499 quibus
760 1434 962 1480 videatur
988 1433 1161 1496 peccari
1195 1434 1340 1497 potius
1363 1433 1397 1479 si
1429 1451 1517 1479 non
1540 1434 1660 1480 fiant.

286 1510 342 1554 Et
361 1507 585 1572 praecipue
601 1505 654 1551 de
673 1503 908 1549 mendaciis
929 1503 1072 1548 hocin
1088 1503 1314 1548 hominum
1334 1503 1537 1567 opinione
1554 1521 1668 1567 prae-

286 1578 449 1634 valuit,
479 1587 528 1621 ut
555 1585 734 1639 peccata
764 1591 851 1619 non
873 1583 1084 1636 putentur
1105 1573 1178 1619 illa
1200 1574 1420 1620 mendacia
1438 1611 1448 1630 ,
1471 1574 1668 1637 quinimo

283 1660 325 1696 et
347 1659 462 1695 recte
481 1647 597 1693 facta
619 1663 705 1691 esse
721 1644 974 1701 credantur,
995 1644 1170 1708 quando
1191 1645 1373 1709 quisque
1389 1662 1470 1707 pro
1489 1648 1580 1704 ejus
1595 1643 1667 1690 cui

282 1719 374 1766 falli
396 1718 568 1783 expedit
588 1716 771 1763 utilitate
792 1715 1015 1771 mentitur,
1041 1726 1115 1761 aut
1134 1732 1186 1760 ne
1211 1714 1302 1760 aliis
1327 1726 1480 1762 noceat
1499 1715 1574 1779 qui
1593 1732 1667 1762 no-

283 1793 448 1840 citurus
470 1791 662 1847 videtur,
689 1789 772 1835 nisi
796 1788 1031 1834 mendaciis
1048 1789 1246 1834 evitetur.
1278 1788 1344 1834 Ad
1371 1788 1471 1833 liaec
1491 1787 1666 1833 menda-

280 1865 448 1910 ciorum
472 1879 624 1923 genera
647 1859 916 1906 defendenda
935 1897 945 1915 ,
973 1859 1165 1922 plurima
1184 1858 1236 1904 de
1256 1858 1496 1922 Scripturis
1509 1858 1667 1904 sanctis

281 1933 504 1994 suffragari
519 1941 735 1996 putantur
756 1929 962 1992 exempla.
987 1931 1086 1976 Non
1106 1939 1246 1974 autem
1263 1928 1348 1975 hoc
1368 1939 1430 1974 est
1447 1927 1666 1974 occultare

278 2005 502 2051 veritatem
518 2041 529 2060 ,
555 2001 675 2067 quod
699 2011 760 2046 est
782 1999 972 2064 proferre
996 1999 1285 2046 mendacium.
1313 1998 1525 2056 Quamvis
1549 1999 1664 2044 enim

282 2075 420 2120 omnis
443 2074 518 2137 qui
542 2072 751 2118 mentitur
778 2070 880 2116 velit
898 2069 1035 2115 celare
1062 2069 1182 2132 quod
1202 2086 1352 2116 verum
1375 2079 1438 2114 est
1455 2105 1466 2124 ‚
1495 2085 1582 2114 non
1603 2079 1665 2114 ta-

283 2163 383 2192 men
408 2144 547 2190 omnis
569 2143 646 2207 qui
664 2141 757 2188 vult
777 2141 894 2204 quod
916 2158 1063 2186 verum
1084 2151 1144 2185 est
1165 2140 1302 2186 celare
1321 2140 1542 2186 mentitur.
1568 2139 1664 2185 Ple-

281 2233 465 2279 rumque
480 2215 594 2260 enim
611 2231 711 2259 vera
727 2230 814 2257 non
829 2210 1075 2257 mentiendo
1093 2211 1349 2266 occulimus,
1370 2209 1442 2256 sed
1458 2209 1656 2259 tacendo·

283 2287 432 2350 Neque
458 2285 573 2331 enim
595 2283 799 2329 mentitus
818 2282 1107 2327 estDominus
1124 2319 1135 2338 ,
1165 2281 1243 2327 ubi
1270 2281 1330 2326 ait
1357 2299 1367 2326 ε
1392 2301 1412 2322 α
1426 2278 1564 2325 Multa
1579 2279 1663 2324 lia-

281 2378 302 2399 >³
315 2357 397 2402 beo
416 2356 540 2403 vobis
559 2355 700 2401 dicere
715 2391 724 2409 ,
759 2352 830 2398 scd
848 2369 935 2397 non
953 2353 1132 2415 potestis
1151 2351 1224 2397 illa
1241 2361 1415 2415 portare
1434 2349 1564 2396 modo
1579 2350 1613 2395 ².
1640 2369 1661 2390 »

284 2426 394 2472 Vera
419 2426 557 2473 tacuit
576 2462 589 2483 ,
615 2442 703 2471 non
728 2423 831 2469 falsa
858 2422 1031 2467 locutus
1054 2433 1141 2478 est,
1168 2422 1329 2484 quibus
1345 2420 1454 2467 veris
1473 2417 1661 2464 audien-

281 2496 346 2543 dis
365 2515 435 2544 eos
459 2498 602 2543 minus
633 2495 810 2541 idoneos
827 2493 1058 2553 judicavit.
1088 2491 1221 2552 Quod
1254 2491 1286 2537 si
1308 2491 1367 2537 eis
1395 2490 1481 2536 hoc
1514 2489 1661 2552 ipsum

277 2585 366 2614 non
389 2567 642 2624 indicasset,
663 2565 709 2612 id
731 2575 821 2622 est,
845 2581 933 2609 non
950 2580 1022 2610 eos
1045 2580 1168 2628 posse
1195 2573 1370 2627 portare
1392 2576 1493 2626 quae
1517 2558 1659 2607 dicere

323 2652 334 2675 ¹
353 2651 457 2686 Galat.
473 2661 523 2692 vx,
548 2662 582 2686 1.-
596 2666 642 2674 —
656 2647 672 2673 ²
691 2651 787 2682 Joan.
805 2658 872 2688 xm,
893 2656 946 2680 12.
