1758 3246
242 290 297 322 nr,
333 289 447 321 cuim
482 288 688 320 GERENDA
724 288 808 320 rao
843 288 1054 330 Mona-ris,
1092 289 1178 320 mn.
1225 291 1252 318 1.
1360 275 1456 322 025

97 372 205 421 pum
231 356 553 402 confitebantur
593 355 895 411 Ambrosium,
931 365 1058 418 atque
1082 365 1130 400 ut
1163 354 1246 400 sibi
1268 365 1463 418 parceret

99 427 412 483 obsecrabant,
438 426 512 472 illo
536 425 654 472 aliud
686 436 832 486 agente
848 463 858 482 ,
895 436 1022 489 atque
1046 426 1132 472 hoc
1150 443 1251 472 cum
1270 437 1464 486 ageretur

98 497 274 543 omnino
289 497 514 543 nesciente.
543 498 610 542 An
634 513 732 543 Vero
757 495 989 559 aliquando
1010 512 1088 558 per
1106 495 1245 558 ipsam
1269 513 1463 559 praesen-

99 569 204 613 tiam
225 569 468 630 Martyrum
493 567 600 612 fiant
621 567 701 612 ista
716 603 726 622 ,
757 565 991 628 aliquando
1014 582 1093 628 per
1118 565 1377 624 Angelorum
1395 587 1405 620 3
1425 577 1467 613 et

98 648 243 684 utrum
265 638 432 701 possint
452 675 462 695 ,
483 636 551 682 vel
571 637 731 700 quibus
749 636 876 695 signis
894 636 1058 699 possint
1084 653 1107 680 a
1134 636 1257 680 nobis
1278 635 1364 681 duo
1390 637 1469 683 ista

99 708 309 762 discerni3
333 726 388 754 an
410 726 458 753 ea
477 707 631 753 sentire
650 724 697 752 ac
721 706 963 766 dijudicare
986 723 1074 752 non
1103 706 1267 762 valeat,
1291 706 1371 752 nisi
1395 707 1471 770 qui

98 778 236 825 habet
253 778 364 824 illud
387 778 552 824 donum
576 795 654 842 per
672 777 751 822 Dei
768 777 981 841 Spiritum
1004 775 1267 822 dividentem
1290 778 1471 841 propria

99 849 334 913 unicuique
349 859 483 912 prout
503 847 597 895 vult
616 865 628 894 ε
655 848 876 894 dissereret
898 847 1035 904 mihi,
1063 857 1111 892 ut
1141 847 1330 893 arbitror
1345 885 1356 904 ‚
1381 848 1474 911 ipse

100 920 286 966 Joannes
311 919 410 965 haec
427 918 571 966 omnia
586 956 597 976 ‚
620 919 732 965 sicut
753 918 934 974 vellem3
961 928 1011 963 ut
1035 928 1109 963 aut
1125 934 1173 963 eo
1192 917 1373 964 docente
1388 918 1475 964 dis-

101 1006 259 1047 cerem,
278 1000 320 1035 et
339 1007 387 1035 ea
405 1005 506 1053 quae
526 988 720 1035 audirem
733 1006 835 1035 vera
852 999 894 1034 et
912 999 1026 1035 certa
1044 1004 1130 1034 esse
1147 1004 1472 1048 cognoscerem3

101 1070 178 1106 aut
201 1076 278 1120 ego
298 1059 515 1106 crederem
533 1076 633 1124 quae
655 1060 862 1106 nescirem
876 1097 888 1115 ,
917 1059 992 1105 illo
1013 1059 1183 1105 dicente
1206 1076 1306 1123 quae
1328 1059 1468 1106 sciret.

103 1129 236 1187 Quod
270 1130 306 1176 si
334 1130 448 1176 mihi
479 1129 659 1176 forsitan
692 1129 746 1177 de
773 1140 920 1176 sancta
948 1129 1176 1192 Scriptura
1202 1128 1480 1192 responderet

103 1217 153 1246 ac
176 1200 372 1246 diceret:
403 1222 424 1242 «
445 1201 609 1247 Altiora
644 1210 685 1246 te
712 1217 766 1246 ne
796 1199 1037 1264 quaesieris,
1073 1209 1115 1244 et
1144 1198 1321 1246 fortiora
1353 1210 1394 1246 te
1427 1217 1481 1246 ne

103 1291 124 1312 >2
143 1281 359 1316 scrutatus
380 1270 536 1324 fueris;
561 1270 633 1316 sed
654 1287 753 1334 quae
782 1270 996 1334 praecepit
1021 1269 1104 1315 tibi
1134 1270 1347 1316 Dominus
1365 1308 1376 1327 ,
1406 1270 1481 1316 illa

104 1362 126 1383 »
145 1341 287 1401 cogita
311 1339 503 1404 semper1
526 1357 537 1384 ι
558 1361 579 1381 »
608 1339 655 1385 id
686 1340 815 1385 etiam
843 1349 1061 1400 gratanter
1089 1339 1347 1403 acciperem.
1383 1341 1482 1387 Non

105 1411 220 1457 enim
249 1427 412 1474 parvus
439 1420 501 1456 est
526 1409 722 1467 fructus,
752 1410 787 1456 si
823 1409 968 1473 aliqua
1004 1409 1191 1455 obscura
1223 1420 1265 1455 et
1286 1410 1480 1469 incerta,

101 1498 203 1546 quae
242 1481 612 1545 comprehendere
644 1498 733 1527 non
767 1481 985 1537 valemus,
1013 1480 1179 1527 clarum
1211 1481 1360 1527 saltem
1384 1500 1484 1529 cer-

100 1562 282 1616 tumque
305 1553 360 1598 sit
376 1552 504 1598 nobis
523 1570 613 1598 non
635 1569 722 1598 esse
745 1552 1007 1615 quaerenda3
1039 1562 1081 1596 et
1104 1551 1223 1614 quod
1242 1554 1481 1617 unusquis-

98 1638 184 1686 que
205 1621 300 1669 vult
334 1622 514 1679 discere,
540 1633 700 1686 putans
731 1621 933 1685 prodesse
966 1622 1001 1668 si
1038 1621 1174 1679 sciat,
1218 1621 1356 1670 discat
1390 1642 1478 1671 non

100 1693 248 1739 obesse
269 1693 303 1739 si
328 1693 503 1739 nesciat.

120 1786 123 1788 “
163 1764 309 1811 XXII.
352 1763 465 1820 Quae
485 1779 586 1809 cum
609 1763 668 1809 ita
698 1763 808 1819 sint,
830 1779 918 1808 non
940 1762 1227 1809 existimemus
1261 1763 1315 1810 ad
1354 1782 1476 1812 mor-

98 1844 211 1891 tuos,
236 1851 318 1899 pro
341 1834 504 1898 quibus
524 1850 674 1880 curam
699 1833 884 1893 gerimus
901 1871 911 1890 ,
956 1833 1208 1898 pervenire,
1235 1836 1318 1881 nisi
1352 1837 1474 1901 quod

97 1921 180 1968 pro
194 1904 253 1950 eis
267 1904 354 1951 sive
375 1903 530 1950 Altaris
544 1941 555 1960 ,
590 1904 677 1950 sive
697 1905 944 1950 orationum
959 1942 970 1961 ,
996 1906 1082 1951 sive
1105 1904 1472 1970 eleemosynarum

96 1975 317 2021 sacrificiis
329 1974 574 2021 solemniter
589 1974 887 2038 supplicamus
905 1993 915 2019 ε
936 1977 1136 2038 quamvis
1157 1993 1245 2022 non
1268 1994 1350 2041 pro
1367 1978 1470 2042 qui-

96 2045 181 2092 bus
205 2047 319 2091 fiunt
351 2045 556 2092 omnibus
586 2046 780 2109 prosint,
819 2045 892 2091 sed
912 2045 962 2091 iis
985 2056 1157 2092 tantum
1183 2047 1344 2110 quibus
1364 2048 1471 2096 dum

96 2118 250 2164 vivunt
267 2127 547 2181 comparatur
569 2127 617 2162 ut
629 2115 811 2180 prosint.
838 2116 922 2162 Sed
941 2117 1044 2180 quia
1071 2134 1160 2163 non
1185 2117 1469 2167 discernimus

95 2189 173 2252 qui
190 2189 298 2245 sint,
326 2198 497 2251 oportet
531 2204 578 2232 ea
606 2203 687 2250 pro
707 2187 962 2246 regeneratis
995 2187 1198 2233 omnibus
1220 2187 1360 2235 facere
1377 2227 1387 2246 ,
1417 2201 1466 2237 ut

95 2258 240 2305 nullus
260 2275 407 2304 eorum
430 2257 802 2321 praetermittatur,
825 2257 880 2302 ad
894 2274 1001 2320 quos
1023 2257 1120 2303 haec
1137 2259 1348 2305 beneficia
1363 2277 1464 2323 pos-

95 2330 180 2375 sint
201 2339 242 2374 et
281 2328 468 2374 debeant
489 2327 726 2391 pervenire.
763 2327 917 2373 Melius
956 2328 1070 2373 enim
1109 2341 1365 2392 supererunt
1384 2332 1464 2377 ista

95 2401 152 2446 eis
171 2399 331 2463 quibus
352 2415 433 2445 nec
461 2398 623 2444 obsunt
657 2414 735 2443 nec
766 2408 975 2460 prosunt,
1008 2415 1142 2460 quam
1183 2400 1241 2444 eis
1283 2400 1465 2448 deerunt

98 2471 259 2535 quibus
271 2479 468 2548 prosunt.
495 2467 753 2528 Diligentius
773 2477 918 2513 tamen
940 2467 1045 2513 facit
1067 2467 1168 2514 haec
1192 2470 1375 2534 quisque
1385 2490 1466 2536 pro

95 2539 338 2588 necessariis
359 2540 443 2586 suis
467 2554 555 2603 quo
578 2554 659 2603 pio
676 2537 751 2585 illo
774 2538 881 2585 fiant
897 2537 1093 2585 similiter
1109 2556 1134 2587 a
1151 2540 1250 2588 suis.
1278 2541 1464 2607 Corpori

143 2621 272 2656 ¹Eccli.
291 2633 344 2661 111,
360 2633 415 2654 22.

255 2688 441 2721 cxxxm.
1243 2675 1304 2731 40
