1758 3246
387 317 450 359 nz'
480 316 604 358 110Νο
638 315 907 368 comneni,
946 327 1030 358 mn.
1074 330 1102 357 1.
1332 313 1427 373 *267

56 386 158 444 'tum
183 395 287 442 ’vitia
310 411 399 441 non
421 403 662 449 sectentur,
689 404 732 438 et
755 393 892 438 Deum
916 401 1031 437 recte
1061 392 1229 448 colant,
1264 394 1434 441 honesti

60 479 103 514 et
119 467 225 513 salvi
247 475 384 511 erunt,
417 463 571 508 Semen
587 463 701 508 euim
726 463 916 508 hominis
940 479 988 507 ex
1007 462 1318 526 qualicumque
1342 464 1432 509 ho-

56 539 177 584 mine
192 574 204 593 .-
230 536 309 580 Dei
335 545 532 580 creatura
552 544 614 578 est
634 570 644 588 ‚
670 544 710 578 et
728 550 776 578 eo
805 534 916 578 male
944 533 1165 577 utentibus
1188 534 1299 577 male
1322 534 1403 578 erit
1419 572 1429 589 ,

57 623 147 654 non
171 607 313 668 ipsum
340 603 573 668 aliquando
605 603 770 647 malum
790 602 883 648 erit.
917 601 1040 647 Sicut
1064 612 1207 647 autem
1228 603 1306 647 filii
1326 604 1430 648 boni

57 677 355 722 ‘adulterorum
373 711 384 730 ‚
413 673 533 718 nulla
557 672 746 718 defensio
771 682 833 716 est
863 672 1180 718 adulteriorum
1206 690 1216 717 ι
1247 673 1307 717 sic
1333 674 1436 717 mali

57 750 393 805 conjugatorum
414 780 425 799 ‚
459 743 630 788 nullum
664 743 829 787 crimen
858 754 920 788 est
945 744 1214 801 nuptiarum.
1247 739 1437 785 Proinde

56 816 169 860 sicut
190 823 335 876 patres
365 813 574 873 temporis
605 813 720 854 Novi
745 809 1009 853 Testamenti
1034 825 1082 853 ex
1106 809 1247 855 officio
1274 826 1437 854 consu-

57 883 175 929 lendi
206 883 409 927 alimenta
443 889 682 933 sumentes,
708 879 907 942 quamvis
938 896 986 924 ea
1017 896 1120 924 cum
1153 879 1438 925 delectatione

58 952 246 998 naturali
267 950 407 997 carnis
428 950 700 1013 acciperent,
730 949 851 994 nullo
875 949 1005 994 modo
1029 960 1175 995 tamen
1202 967 1439 1013 compara-

57 1023 222 1067 bantur
245 1020 523 1066 delectationi
547 1036 696 1064 eorum
720 1019 795 1081 qui
820 1018 1097 1065 immolatitio
1122 1021 1434 1076 vescebantur,

55 1102 133 1136 ‘aut
155 1108 305 1136 eorum
324 1090 403 1154 qui
427 1089 626 1152 quamvis
654 1088 793 1133 licitas
823 1105 940 1133 escas
957 1126 967 1145 ‚
998 1100 1143 1134 tamen
1171 1090 1439 1134 immodera-

58 1163 144 1208 tius
163 1160 485 1213 assumebant13
502 1160 562 1204 sic
582 1169 725 1222 patres
746 1160 950 1220 temporis
975 1158 1138 1203 Veteris
1153 1157 1435 1211 Testamenti,

57 1231 313 1278 *consulendi
334 1230 477 1276 officio
505 1229 887 1284 concumbebant,
911 1244 1099 1290 quorum
1119 1227 1347 1272 delectatio
1366 1227 1439 1271 illa

56 1301 267 1346 naturalis
292 1316 570 1361 nequaquam
591 1315 726 1358 usque
747 1297 800 1342 ad
816 1297 1113 1342 irrationalem
1138 1305 1213 1339 aut
1231 1295 1439 1340 nefariam

58 1370 289 1416 libidinem
316 1367 503 1413 relaxata
520 1403 530 1422 ‚
561 1383 641 1410 nec
662 1364 929 1428 turpitudini
959 1375 1210 1428 stuprorum
1232 1381 1312 1410 nec
1333 1383 1441 1410 con-

54 1436 681 1500 jugatorum·intemperantiae
706 1434 968 1481 conferenda
986 1446 1061 1482 est.
1091 1435 1257 1480 Eadem
1273 1436 1440 1499 quippe

60 1527 168 1556 vena
192 1508 417 1555 charitatis
431 1545 442 1563 ‚
464 1523 582 1552 nunc
612 1506 866 1570 spiritaliter
884 1543 895 1561 ‚
918 1517 1025 1550 tunc
1052 1506 1284 1550 carnaliter
1305 1523 1440 1569 prop-

58 1591 125 1626 'ter
149 1581 270 1626 illam
300 1589 483 1625 matrem
515 1577 752 1623 Jerusalem
779 1577 1056 1640 propagandi
1078 1587 1200 1622 erant
1227 1577 1307 1622 filii
1331 1595 1340 1621 :
1369 1578 1443 1623 sed

61 1650 228 1696 diversa
247 1667 377 1714 opera
397 1659 574 1713 patrum
590 1666 680 1693 non
698 1647 888 1693 faciebat
908 1648 988 1693 nisi
1015 1647 1238 1693 diversitas
1263 1658 1439 1710 tempo-

61 1737 174 1767 rum.
206 1721 277 1766 Sic
306 1731 449 1765 autem
467 1736 634 1765 necesse
655 1729 746 1763 erat
772 1729 820 1764 ut
840 1718 1071 1763 carnaliter
1094 1727 1281 1773 coirent,
1309 1720 1439 1764 etiam

61 1810 149 1838 non
171 1792 362 1837 carnales
386 1791 647 1854 Prophetae3
678 1791 790 1836 sicut
827 1807 995 1835 necesse
1018 1800 1108 1835 erat
1137 1800 1185 1835 ut
1211 1790 1440 1836 carnaliter

0 1906 1 1921 ἶ
59 1873 357 1918 vescerentur,
381 1862 510 1907 etiam
528 1879 614 1906 non
634 1861 829 1907 carnales
851 1861 1064 1924 Apostoli.

126 1934 247 1979 XIX.
281 1933 511 1996 Quotquot
539 1948 639 1992 erge
661 1949 778 1976 nunc
805 1942 906 1976 sunt
931 1931 1094 1994 quibus
1127 1930 1318 1976 dicitur:
1351 1952 1371 1972 «
1395 1932 1441 1976 Si

63 2020 140 2048 »se
164 2020 252 2048 non
289 2003 539 2053 continent,
572 2001 800 2054 nuhant23
824 2023 844 2042 »
880 2018 967 2046 non
1001 2000 1310 2063 comparandae
1344 2012 1443 2046 sunt

62 2084 168 2118 tunc
191 2073 319 2117 etiam
354 2072 622 2116 nubentibus
650 2071 822 2117 sanctis.
854 2072 970 2133 lpsae
999 2070 1177 2133 quidem
1205 2072 1371 2133 nuptiae
1395 2072 1441 2116 in

64 2143 266 2188 omnihus
303 2142 503 2201 gentibus
531 2141 681 2185 eadem
714 2151 813 2185 sunt
846 2141 1036 2185 filiorum
1068 2141 1442 2203 procreandorum

61 2228 218 2268 causa,
239 2212 317 2276 qui
335 2211 591 2275 qualeslibet
617 2223 767 2275 postea
785 2211 973 2267 fuerint,
998 2210 1052 2256 ad
1087 2211 1176 2256 hoc
1209 2221 1354 2256 tamen
1371 2211 1441 2256 in·-

65 2284 228 2329 stitutae
252 2294 352 2327 sunt
373 2282 541 2345 nuptiae
559 2319 569 2338 ,
600 2293 648 2326 ut
678 2283 873 2327 ordinate
895 2281 1161 2343 honesteque
1188 2292 1434 2328 nascantur.

70 2353 156 2398 Sed
178 2353 376 2398 homines
397 2353 473 2415 qui
497 2369 538 2396 se
567 2369 656 2398 non
688 2352 942 2406 continent,
966 2360 1176 2413 tanquam
1204 2351 1442 2396 ascendunt

64 2418 116 2465 vi‘n
132 2421 309 2481 nuptias
345 2421 482 2478 gradu
519 2422 756 2466 honestatis
788 2439 798 2466 :
836 2421 912 2484 qui
937 2431 1080 2465 autem
1115 2439 1156 2465 se
1191 2422 1280 2465 sine
1302 2420 1440 2466 dubio

67 2489 357 2542 continerent,
377 2490 411 2532 si
426 2492 513 2536 hoc
533 2491 648 2536 illius
672 2492 878 2555 temporis
896 2490 1007 2536 ratio
1026 2491 1309 2553 permisisset,
1334 2507 1443 2553 quo-

68 2560 169 2605 dam
199 2556 329 2602 modo
360 2556 674 2602 descenderunt
706 2562 752 2603 in
782 2562 958 2621 nuptias
987 2559 1125 2615 gradu
1158 2560 1344 2617 pietatis,
1377 2558 1440 2601 Ac

119 2644 130 2666 ¹
149 2653 161 2673 1
182 2642 258 2674 Cor.
275 2651 345 2683 vm,
367 2651 398 2679 7.
419 2658 462 2664 —
476 2639 491 2662 2
514 2651 525 2670 1
547 2642 620 2673 Cor.
641 2650 703 2678 vu,
723 2652 755 2681 9,
