1758 3246
324 369 378 399 nn
414 367 553 399 ornan
593 368 924 412 noNAcnonun,
963 369 1048 401 mn.
1093 371 1125 402 1.
1327 354 1420 403 523

54 433 77 477 {a
95 443 184 489 cet,
209 453 229 474 n
251 443 423 497 possent
438 432 535 478 haec
568 434 701 480 verba
739 434 785 480 in
806 434 930 480 aliam
952 434 1123 482 traduci
1147 435 1413 483 sententiam.

57 506 169 549 Cum
198 520 296 549 vero
323 502 467 548 multis
500 503 590 548 aliis
620 503 723 550 locis
758 504 1045 568 Epistolarum
1080 523 1252 552 suarum
1271 543 1281 561 ‚
1314 504 1421 570 quid

55 574 162 621 hinc
183 573 335 619 sentiat
352 610 363 628 ‚
397 574 661 636 apertissime
682 574 852 630 doceat,
875 575 1092 639 superfluo
1118 587 1332 621 conantur
1349 613 1360 632 ‚
1381 585 1423 621 et

56 643 142 690 'sibi
164 654 206 689 et
224 642 388 689 caeteris
411 642 635 703 caliginem
668 644 909 699 obducere,
936 655 984 690 ut
1011 645 1131 709 quod
1163 645 1325 692 utiliter
1348 645 1421 691 illa

60 713 249 760 charitas
271 723 416 759 monet
435 730 521 758 non
547 713 683 760 solum
709 712 847 760 facere
864 714 1033 772 nolint,
1062 715 1133 761 sed
1157 733 1236 761 nec
1261 715 1423 762 intelli-

55 792 153 849 *gere
175 784 282 848 ipsi,
306 792 380 829 aut
405 784 461 829 ab
479 783 569 829 aliis
593 783 771 843 intelligi
790 785 949 840 velint,
977 801 1065 830 non
1095 785 1289 831 timentes
1305 785 1422 849 quod

53 856 262 918 scriptum
282 865 374 901 est:
404 875 422 894 «
452 854 605 900 Noluit
629 855 864 914 intelligere
889 866 934 900 ut
956 855 1064 902 bene
1091 855 1277 916 ageret1.
1306 879 1325 898 υ

121 926 194 973 lv.
236 926 361 971 Prius
383 942 481 985 ergo
505 924 800 971 demonstrare
823 925 1030 971 debemus
1055 926 1232 973 beatum
1256 936 1424 990 aposto-

52 995 143 1043 lum
162 997 345 1042 Paulum
364 1013 493 1060 opera
513 996 757 1060 corporalia
781 1013 920 1042 servos
939 997 1016 1044 Dei
1035 998 1201 1061 operari
1219 997 1419 1053 voluisse,

51 1062 149 1131 quae
176 1068 307 1112 finem
338 1066 552 1111 haberent
579 1083 776 1126 magnam
798 1066 1034 1130 spiritalem
1065 1066 1306 1113 mercedem
1325 1104 1335 1122 ‚
1368 1066 1423 1112 ad

50 1138 136 1185 hoc
161 1147 209 1183 ut
241 1137 335 1200 ipso
363 1137 482 1183 victu
515 1146 557 1181 et
584 1145 832 1195 tegumento
866 1154 888 1181 a
916 1135 1036 1181 nullo
1061 1136 1323 1196 indigerent,
1349 1135 1423 1182 sed

50 1208 252 1254 manibus
286 1207 371 1253 suis
408 1207 507 1252 haec
541 1205 624 1251 sibi
651 1216 936 1268 procurarent
966 1222 978 1251 ι
1018 1205 1173 1252 deinde
1201 1206 1422 1252 ostendere

49 1278 294 1336 evangelica
322 1276 394 1322 illa
417 1285 641 1338 praecepta
658 1311 669 1330 ,
697 1275 750 1319 de
769 1275 931 1338 quibus
954 1276 1152 1322 nonnulli
1175 1294 1262 1321 non
1284 1276 1422 1322 solum

49 1347 292 1411 pigritiam,
319 1345 391 1391 sed
412 1345 540 1390 etiam
571 1346 864 1404 arrogantiam
890 1361 1009 1390 suam
1041 1344 1217 1400 fovent,
1245 1356 1421 1409 aposto-

48 1417 132 1463 lico
154 1426 376 1479 praecepto
403 1425 444 1460 et
467 1414 661 1477 exemplo
693 1430 782 1459 non
805 1431 891 1459 esse
922 1415 1150 1462 contraria.
1189 1415 1420 1461 Videamus

50 1488 194 1564 itaque
221 1484 336 1531 unde
366 1483 420 1530 ad
443 1483 530 1529 hoc
555 1484 719 1529 venerit
745 1483 1003 1547 Apostolus,
1031 1495 1080 1530 ut
1108 1484 1304 1531 diceret:
1332 1507 1351 1527 «
1378 1485 1424 1531 Si

51 1578 72 1599 >³
90 1557 186 1624 quis
209 1573 299 1601 non
321 1554 415 1601 vult
431 1553 630 1617 operari,
650 1570 738 1598 non
754 1552 1018 1599 manducet:
1042 1576 1062 1596 »
1079 1564 1121 1600 et
1136 1554 1244 1618 quid
1265 1554 1418 1601 deinde

51 1635 264 1682 contexat,
287 1636 336 1671 ut
359 1642 406 1670 ex
428 1623 522 1686 ipsa
547 1623 873 1669 circumstantia
895 1623 1088 1669 lectionis
1117 1636 1325 1689 appareat
1341 1625 1422 1671 de-

51 1696 210 1743 clarata
226 1694 448 1742 sententia.
475 1714 495 1734 «
518 1693 833 1739 Denuntiamus
851 1730 862 1750 ‚
883 1693 1028 1757 inquit
1047 1732 1057 1751 ‚
1085 1696 1226 1751 vobiS‚
1249 1695 1416 1751 fratres,

51 1766 137 1812 »in
161 1766 337 1812 nomine
363 1763 540 1810 Domini
564 1763 699 1809 nostri
729 1764 830 1809 Jesu
857 1763 1049 1820 Christi,
1083 1775 1130 1810 ut
1154 1765 1420 1811 subtrahatis

53 1857 74 1879 ›>
90 1852 165 1882 vos
189 1836 245 1882 ab
268 1835 386 1881 omni
405 1833 534 1879 fratre
562 1833 752 1896 inquiete
779 1832 1050 1889 ambulante,
1085 1845 1127 1879 et
1152 1851 1239 1880 non
1266 1852 1423 1880 secun-

52 1927 75 1949 »
93 1906 200 1951 dum
219 1903 495 1950 traditionem
521 1919 651 1966 quam
684 1913 943 1965 acceperunt
976 1921 999 1948 a
1023 1905 1163 1951 nobis.
1196 1906 1284 1968 Ipsi
1307 1906 1421 1951 enim

53 1999 75 2019 2>
92 1976 208 2022 scitis
238 1973 460 2038 quomodo
493 1984 690 2036 oporteat
706 1973 865 2019 imitari
884 1990 990 2028 nos;
1026 1976 1129 2038 quia
1154 1992 1240 2020 non
1263 1975 1424 2021 fuimus

52 2068 74 2089 »
92 2045 275 2109 inquieti
299 2045 411 2090 inter
431 2059 508 2088 vos
524 2079 534 2096 ‚
557 2059 695 2105 neque
721 2059 878 2105 panem
900 2044 955 2089 ab
977 2043 1120 2107 aliquo
1150 2045 1281 2104 gratis
1303 2062 1423 2090 man·

53 2137 75 2158 »
95 2115 378 2171 ducavimus,
416 2113 489 2159 sed
517 2113 562 2158 in
594 2112 743 2158 labore
766 2123 808 2158 et
835 2113 1085 2174 fatigatione
1119 2114 1189 2160 die
1224 2132 1272 2161 ac
1295 2127 1423 2162 nocte

54 2209 75 2230 >³
93 2191 344 2250 operantes,
381 2201 435 2230 ne
470 2200 599 2247 quem
636 2193 827 2229 vestrum
856 2201 1129 2244 gravaremus
1164 2202 1177 2230 ι
1204 2202 1291 2231 non
1324 2186 1426 2249 quia

53 2273 181 2303 »non
212 2254 496 2300 habuerimus
526 2263 783 2317 potestatem
802 2291 813 2311 ‚
841 2254 914 2300 sed
947 2265 996 2300 ut
1027 2256 1308 2319 nosmetipsos
1330 2255 1424 2301 sor-

54 2347 76 2369 »
95 2342 210 2372 mam
229 2324 426 2370 daremus
443 2323 568 2369 vobis
581 2360 591 2379 ‚
614 2340 699 2387 qua
717 2341 794 2370 nos
816 2324 1105 2372 imitaremini.
1134 2327 1244 2371 Nam
1265 2335 1423 2372 etcum

54 2418 76 2439 2)
95 2396 213 2460 apud
233 2412 310 2441 Vos
326 2411 528 2449 essemus,
548 2394 635 2439 hoc
658 2395 781 2440 vobis
797 2396 1165 2459 praecipiebamus
1181 2433 1191 2452 ‚
1217 2396 1423 2459 quoniam

55 2466 245 2544 »siquis
274 2482 363 2510 non
397 2464 492 2510 vult
526 2465 722 2528 operari,
755 2483 843 2512 non
876 2465 1123 2513 manducet,
1165 2465 1422 2512 Audivimus

56 2558 78 2580 ›>
95 2537 210 2583 enim
234 2533 445 2599 quosdam
468 2535 579 2580 inter
597 2552 673 2581 vos
701 2536 922 2582 ambulare
941 2535 1160 2598 inquiete,
1186 2535 1298 2581 nihil
1315 2553 1424 2599 ope-

59 2616 264 2658 »rante83
289 2603 361 2650 sed
394 2604 560 2651 curiose
585 2616 766 2667 agentes,
812 2606 891 2653 His
930 2615 1070 2652 autem
1102 2606 1179 2671 qui
1215 2606 1427 2686 ejtlsmodi

106 2685 220 2719 ¹Psal.
241 2695 337 2717 nm.
359 2690 389 2720 4.
