1758 3246
279 264 370 326 296
679 278 713 306 S.
757 275 997 306 Avecsrmt
1033 275 1233 305 EPlsCOPI

275 352 416 388 mente
441 351 513 387 aut
537 358 665 387 carne
685 341 906 401 virginitas
928 341 1131 387 hominis.
1160 339 1291 396 Quod
1312 349 1477 385 castum
1501 348 1563 383 est
1585 338 1645 383 sic

276 422 457 467 ametur,
482 421 528 456 ut
546 411 665 475 quod
680 428 830 457 verum
848 421 909 456 est
928 448 939 467 ,
968 428 1055 455 non
1075 422 1267 470 negetur.
1294 411 1403 456 Nam
1423 408 1530 471 quid
1546 407 1647 452 mali

274 499 361 526 non
387 491 569 544 possunt
593 481 720 527 etiam
754 481 807 526 (le
833 498 908 526 sua
945 497 1071 525 carne
1102 481 1315 539 cogitare,
1357 478 1434 541 qui
1464 477 1649 523 eredunt

273 551 552 614 apostolicam
572 552 764 611 linguam
789 551 833 596 in
849 568 897 596 eo
914 550 1008 614 ipso
1026 550 1124 595 loco
1146 550 1222 595 ubi
1242 549 1530 608 virginitatem
1545 563 1647 592 cor-

272 621 390 684 poris
428 621 789 676 connnendabat‚
830 638 853 665 a
889 620 1168 682 corruptione
1199 619 1418 664 mendacii
1438 617 1648 676 virginem

272 708 359 736 non
379 691 531 737 fuisse?
556 691 764 736 Primitus
784 707 883 749 ergo
905 707 954 735 ac
987 689 1170 734 maxime
1189 726 1200 745 ‚
1223 690 1300 752 qui
1321 689 1487 734 bonum
1510 686 1648 745 virgi-

269 762 415 806 nitatis
429 762 593 819 eligunt
608 798 618 815 ,
642 760 889 823 Scripturas
908 770 1075 804 sanctas
1089 758 1330 804 firmissime
1346 768 1515 804 teneant
1533 756 1646 802 nihil

270 847 356 875 esse
377 831 577 875 mentitas
612 848 622 874 ε
659 847 706 875 ac
735 847 814 892 per
851 830 937 874 hoc
962 829 1091 873 etiam
1110 828 1219 873 illud
1242 845 1393 873 verum
1415 844 1502 872 esse
1529 825 1647 889 quod

271 899 439 944 (lictum
466 910 527 944 est
551 917 561 944 ι
589 901 676 943 «Et
699 900 731 944 si
756 898 970 961 acceperis
988 914 1160 943 uxorem
1182 934 1193 954 ‚
1221 914 1308 942 non
1333 896 1494 960 pecasti
1519 915 1530 949 ;
1556 906 1598 940 et
1616 895 1651 940 si

271 990 291 1009 »
321 970 516 1030 nupserit
540 969 688 1027 virgo,
716 986 803 1013 non
828 979 993 1031 peccat.
1024 990 1044 1008 »
1084 969 1174 1012 Nec
1208 977 1366 1030 putent
1396 966 1535 1012 minui
1563 976 1650 1010 tam

269 1055 477 1097 magnum
495 1038 752 1097 integritatis
767 1039 934 1083 bonum
950 1075 961 1094 ‚
981 1038 1015 1083 si
1032 1038 1199 1100 nuptiae
1216 1055 1304 1082 non
1322 1047 1450 1083 erunt
1465 1036 1643 1081 malum.

272 1108 367 1152 lmo
398 1124 499 1153 vero
529 1107 636 1152 hinc
665 1106 750 1152 sibi
775 1108 924 1169 potius
952 1108 1126 1165 majoris
1151 1107 1298 1165 gloriae
1321 1107 1514 1169 palmam
1532 1124 1653 1170 prae-

268 1187 467 1238 paratam
488 1193 574 1221 esse
594 1175 788 1220 confidat
806 1212 816 1230 ‚
845 1192 944 1237 quae
969 1192 1057 1219 non
1093 1175 1291 1219 damnari
1314 1176 1348 1220 si
1375 1176 1558 1221 nuberet
1591 1176 1652 1220 ti-

269 1247 381 1291 muit
398 1283 408 1298 .
437 1246 509 1291 sed
532 1245 789 1290 honoratius
812 1245 1008 1290 coronari
1027 1281 1038 1300 ,
1065 1245 1166 1307 quia
1188 1261 1277 1288 non
1295 1245 1482 1289 nuberet
1499 1281 1510 1299 ,
1541 1262 1652 1289 con-

271 1317 456 1379 cupivit.
479 1317 566 1371 Qui
582 1333 681 1375 ergo
702 1316 791 1360 sine
818 1315 1022 1374 conjugio
1044 1331 1293 1378 permanere
1312 1314 1544 1369 voluerint,
1566 1332 1653 1359 non

272 1397 483 1448 tanquam
508 1386 678 1430 foveam
704 1385 874 1448 peccati
891 1386 1066 1447 nuptias
1089 1384 1260 1442 fugiant
1295 1401 1306 1428 :
1346 1384 1415 1428 sed
1447 1394 1653 1447 tanquam

271 1455 423 1501 collem
451 1456 630 1500 minoris
668 1455 774 1500 boni
799 1454 1133 1509 transcendant,
1163 1453 1277 1497 utin
1310 1453 1482 1512 majoris
1509 1454 1655 1498 conti-

272 1525 432 1569 nentiae
452 1535 597 1568 monte
617 1525 903 1586 requiescant.
933 1524 993 1568 Ea
1012 1523 1179 1585 quippe
1195 1522 1285 1581 lege
1295 1522 1416 1567 collis
1431 1523 1508 1567 iste
1529 1523 1655 1569 inha-

272 1595 456 1647 bitatur,
487 1604 534 1639 ut
552 1611 639 1638 non
663 1611 766 1638 cum
785 1593 973 1638 voluerit
993 1592 1090 1655 quis
1108 1593 1300 1652 emigret.
1330 1613 1351 1633 «
1365 1593 1522 1638 Mulier
1540 1594 1654 1638 enim

271 1685 292 1705 ³>
314 1663 487 1722 alligata
512 1673 603 1717 est,
635 1662 832 1726 quandiu
852 1663 919 1709 vir
942 1667 1032 1722 ejus
1053 1662 1161 1708 vivit
1182 1661 1247 1708 1.»
1270 1663 1577 1722 Verumtamen
1602 1663 1655 1708 ad

273 1733 586 1779 continentiam
614 1732 832 1779 vidualem
855 1733 911 1778 ab
931 1733 1026 1796 ipso
1052 1743 1257 1795 tanquam
1282 1733 1420 1792 gradu
1445 1750 1656 1779 conscen-

275 1804 395 1849 ditur
417 1821 428 1848 2
453 1814 635 1866 propter
657 1802 913 1862 virginalem
939 1820 1040 1849 vero
1066 1803 1135 1848 vel
1161 1802 1444 1848 declinandus
1473 1813 1534 1848 est
1568 1820 1656 1849 non

273 1873 583 1920 consentiendo
609 1873 896 1938 petitoribus,
926 1873 993 1919 vel
1019 1873 1320 1920 transiliendus
1351 1873 1657 1938 praeveniendo

274 1955 496 2007 petltoreS.

339 2016 460 2061 XIX.
493 2016 557 2060 Ne
583 2015 679 2078 quis
699 2026 842 2060 autem
866 2025 1041 2077 putaret
1063 2014 1249 2060 duorum
1269 2031 1450 2078 operum
1470 2014 1577 2060 boni
1598 2025 1657 2060 at-

278 2102 362 2148 que
380 2084 569 2130 melioris
595 2086 780 2148 aequalia
799 2086 889 2131 fore
922 2086 1122 2148 praemia,
1142 2096 1372 2149 propterea
1412 2095 1564 2130 contra
1586 2102 1658 2131 eos

280 2154 580 2200 disserendum
597 2155 700 2211 fuit,
721 2157 798 2219 qui
816 2155 935 2219 quod
965 2156 1023 2200 ait
1041 2156 1299 2220 Apostolus:
1317 2177 1338 2197 «
1357 2155 1563 2201 Existimo
1575 2172 1659 2201 au-

279 2245 301 2266 »
328 2235 415 2270 tem
450 2224 536 2270 hoc
577 2225 747 2271 bonum
779 2243 866 2271 esse
911 2236 1095 2289 propter
1127 2237 1385 2290 praesentem
1423 2226 1657 2271 necessita-

281 2315 303 2336 »
326 2306 412 2340 tem
433 2294 471 2350 2,
491 2315 512 2336 >³
546 2294 606 2340 ita
626 2296 898 2359 interpretati
917 2307 1018 2342 sunt
1035 2333 1046 2352 ,
1075 2307 1123 2342 ut
1146 2314 1235 2342 non
1271 2307 1454 2360 propter
1476 2312 1659 2356 regnum

283 2364 496 2410 coelorum
513 2401 523 2420 ,
543 2364 617 2410 sed
629 2377 811 2429 propter
829 2366 1039 2412 saeculum
1071 2384 1261 2430 praesens
1281 2367 1548 2427 viginitatem
1567 2366 1658 2411 uti—

284 2435 369 2480 lem
393 2434 586 2493 dicerent
601 2473 611 2491 ,
632 2447 842 2500 tanquam
867 2439 912 2483 in
937 2437 1010 2483 illa
1029 2438 1118 2483 vita
1139 2448 1301 2483 aeterna
1342 2437 1456 2483 nihil
1491 2437 1658 2482 caeteris

284 2504 470 2567 amplius
485 2505 683 2552 habituri
699 2518 852 2564 essent,
875 2508 952 2571 qui
965 2507 1052 2554 hoc
1073 2507 1223 2554 melius
1239 2507 1475 2568 elegissent.
1502 2508 1554 2553 In
1572 2523 1658 2570 qua

333 2595 344 2618 ¹
368 2606 381 2626 1
405 2598 478 2629 Cor.
497 2607 557 2637 vu,
578 2598 634 2639 39.
655 2617 697 2622 —
716 2596 731 2620 2
747 2597 829 2631 Ibid¹
854 2600 908 2630 26.
