1758 3246
421 247 476 278 DE
514 246 835 287 CONTINENTIA,
875 247 961 278 Lm.
1003 245 1033 279 1.
1336 239 1426 302 237

4 312 15 349 ¹I
63 332 84 354 ›>
106 312 221 358 enim
246 312 343 357 estis
363 311 564 358 carnales.
597 311 709 356 Cum
734 311 848 356 enim
868 311 952 355 sint
971 311 1015 355 in
1054 312 1179 359 vobis
1208 316 1427 364 aemulatio

60 402 81 423 ³>
105 393 145 426 et
174 382 389 427 contentio
408 418 418 436 ,
445 397 588 425 nonne
614 380 805 425 carnales
836 379 995 425 estis1?
1015 400 1035 420 »
1063 381 1274 429 Adversus
1297 402 1425 448 quem

12 462 13 475 ¹
60 451 331 512 concupiscit
356 449 576 494 aemulatio
600 460 642 494 et
660 449 905 504 contentio,
936 448 1015 493 nisi
1040 448 1241 495 adversus
1269 455 1425 501 Chris-

10 533 13 554 ι’
59 524 180 566 tum?
208 522 295 566 Has
315 519 428 564 enim
457 520 598 565 carnis
632 519 1004 582 concupiscentias
1050 519 1248 566 Christus
1273 523 1318 568 in
1341 528 1426 572 suis

9 619 11 625 ,
57 600 199 646 sanat,
222 589 295 635 sed
338 589 383 634 in
406 589 535 634 nullis
562 600 690 635 amat.
723 589 848 634 Unde
888 599 1035 633 sancta
1064 589 1254 635 Ecclesia
1280 609 1423 655 quan-

57 659 134 704 diu
174 659 307 704 habet
348 659 475 704 etiam
497 660 692 704 membra
733 658 863 714 talia,
899 657 1094 703 nondum
1129 661 1306 706 estsine
1328 680 1425 709 ma-

7 738 11 767 ·‘
55 728 153 773 cula
182 738 224 773 ct
260 745 379 787 ruga.
412 730 511 774 Huc
555 728 770 774 accedunt
789 739 830 773 ct
853 728 926 773 illa
954 739 1158 791 peccata,
1188 747 1270 792 pro
1318 734 1421 795 qui-

6 835 8 856 }
53 798 136 842 bus
161 798 409 860 quotidiana
434 815 514 844 vox
542 799 672 844 totius
694 799 897 843 Ecclesiae
935 808 1023 842 est:
1051 819 1072 838 α
1093 799 1274 845 Dimitte
1299 804 1424 849 nobis

54 888 74 908 >³
114 867 262 912 debita
281 867 456 912 nostra²
484 885 494 911 :
517 888 537 909 »
559 886 580 912 a
609 868 770 931 quibus
807 886 859 913 ne
885 868 1096 930 spiritales
1125 880 1425 931 putareremus

3 955 6 1001 ‘3
53 935 234 991 alienos,
262 953 349 981 non
388 937 655 999 quicumque
678 937 935 992 carnalium,
983 953 1061 982 nec
1090 937 1285 1000 ipsorum
1320 943 1424 1004 qui-

3 1027 6 1047 ι
49 1023 236 1068 cumque
280 1007 556 1069 spiritalium,
601 1007 673 1052 sed
692 1007 767 1070 qui
806 1024 936 1069 super
954 1018 1108 1070 pectus
1132 1010 1307 1055 Domini
1333 1011 1420 1057 dis-

51 1075 304 1131 cumbebat,
321 1086 362 1120 et
384 1093 512 1138 quem
541 1093 634 1139 prae
660 1077 825 1121 caeteris
849 1076 1057 1135 diligebat
1075 1078 1115 1121 3:
1145 1099 1165 1118 «
1188 1079 1232 1123 Si
1261 1080 1422 1126 dixeri-

0 1137 3 1184 ?
50 1165 71 1185 »
92 1162 207 1199 mus,
235 1145 401 1207 inquit,
437 1145 540 1206 quia
573 1156 803 1207 peccatum
828 1162 916 1189 non
944 1145 1179 1202 habemus,
1206 1165 1284 1192 nos
1306 1150 1423 1212 ipsos

0 1229 2 1257 ι
50 1234 70 1255 ›>
95 1214 353 1276 decipimus,
375 1224 416 1258 et
438 1214 595 1259 veritas
615 1214 659 1258 in
690 1213 816 1258 nobis
834 1231 922 1258 non
944 1224 1005 1258 est
1022 1213 1056 1260 4.
1083 1235 1102 1255 >2
1125 1216 1177 1259 ln
1201 1219 1318 1262 omni
1340 1236 1419 1264 au-

0 1336 1 1345 *
48 1293 132 1327 tem
165 1293 345 1346 peccato
370 1283 469 1345 plus
493 1283 538 1326 in
564 1286 742 1341 majore,
780 1283 922 1327 minus
957 1283 1002 1327 in
1039 1283 1232 1340 minore,
1276 1296 1418 1333 tamen

49 1362 197 1397 contra
215 1353 425 1411 justitiam
461 1352 800 1414 concupiscitur.
833 1353 889 1395 Et
921 1351 974 1396 de
1004 1351 1179 1397 Christo
1205 1355 1416 1418 scri-ptum

47 1432 108 1466 est
130 1439 140 1466 ε
170 1442 189 1462 «
211 1421 299 1477 Qui
334 1421 474 1467 factus
497 1431 558 1466 est
581 1420 706 1466 nobis
743 1420 952 1482 sapientia
982 1438 1004 1465 a
1032 1422 1122 1466 Deo
1145 1433 1187 1467 et
1213 1425 1382 1482 justitia
1401 1464 1412 1483 ,

48 1512 68 1532 ›>
88 1501 129 1536 et
162 1491 446 1536 sanctificatio
464 1527 474 1546 ‚
503 1500 544 1534 et
569 1489 810 1552 redemptio
830 1489 863 1535 5.
890 1510 910 1530 »
939 1490 991 1533 ln
1016 1491 1134 1535 omni
1158 1492 1289 1551 igitur
1306 1512 1416 1557 pec-

46 1570 143 1605 cato
165 1570 314 1604 contra
337 1559 562 1605 Christum
583 1559 671 1604 sine
699 1558 837 1603 dubio
862 1559 1189 1621 concupiscitur
1213 1579 1223 1607 ε
1246 1563 1318 1609 sed
1339 1565 1416 1628 qui

44 1639 166 1674 sanat
184 1646 329 1674 omnes
351 1628 576 1688 languores
610 1638 774 1673 nostros
799 1628 835 1684 ⁶,
865 1645 966 1673 cum
989 1629 1235 1690 perduxerit
1259 1634 1414 1679 Eccle-

45 1700 149 1745 siam
187 1699 242 1744 ad
276 1699 531 1762 promissam
569 1698 784 1758 languoris
820 1699 1064 1752 sanitatem,
1097 1710 1200 1746 tunc
1222 1702 1265 1747 in
1292 1704 1412 1749 nullo

44 1769 339 1814 membrorum
359 1772 449 1828 ejus
470 1768 715 1831 quamlibet
742 1767 921 1813 minima
938 1767 1018 1812 erit
1037 1767 1124 1814 ulla
1146 1771 1314 1817 macula
1341 1785 1415 1819 aut

44 1856 164 1898 ruga.
197 1839 324 1884 Tunc
356 1838 476 1883 nullo
502 1837 632 1883 modo
656 1854 758 1883 caro
793 1837 995 1883 adversus
1019 1838 1221 1901 spiritum
1245 1858 1412 1889 concu-

42 1909 207 1971 piscet:
231 1919 271 1953 et
294 1908 390 1954 ideo
410 1907 530 1953 nulla
546 1907 627 1952 erit
643 1924 772 1952 causa
785 1924 863 1952 cur
876 1907 1076 1953 adversus
1094 1925 1268 1955 carnem
1283 1912 1412 1958 etiam

43 1978 219 2042 spiritus
261 1977 554 2041 concupiscat.
597 1978 723 2022 Tunc
747 1978 878 2022 finem
923 1977 1107 2040 accipiet
1144 1980 1283 2026 omnis
1314 1982 1413 2028 haec

38 2065 210 2110 pugna,
237 2059 343 2093 tunc
368 2048 594 2092 ambarum
629 2047 971 2092 substantiarum
995 2048 1075 2092 erit
1116 2065 1283 2096 summa
1306 2068 1411 2097 con-

43 2117 191 2162 cordia
208 2134 219 2161 ε
241 2127 344 2161 tunc
365 2132 500 2178 usque
522 2115 627 2160 adeo
645 2115 708 2160 ibi
735 2114 879 2159 nullus
899 2115 977 2160 erit
996 2116 1178 2162 carnalis
1192 2155 1202 2173 ‚
1220 2130 1268 2164 ut
1283 2121 1412 2166 etiam

41 2203 140 2231 caro
163 2187 258 2249 ipsa
275 2186 329 2231 sit
349 2184 565 2247 spiritalis.
594 2183 725 2240 Quod
769 2200 869 2243 ergo
904 2201 1021 2230 nunc
1046 2186 1133 2245 agit
1159 2203 1260 2232 cum
1284 2206 1412 2235 carne

40 2273 117 2302 sua
149 2256 331 2319 quisque
362 2253 602 2300 secundum
642 2253 867 2299 Christum
896 2254 1060 2311 vivens,
1100 2272 1201 2301 cum
1230 2268 1271 2303 et
1300 2275 1411 2304 con-

41 2325 227 2387 cupiscit
258 2317 458 2371 adx'rersus
497 2327 586 2383 ejus
620 2322 780 2368 malam
815 2324 1212 2387 concupiscentiam
1232 2363 1244 2383 ,
1278 2345 1411 2391 quam

40 2393 276 2440 sanandam
296 2394 505 2450 continet,
532 2409 664 2456 quam
683 2393 878 2439 nondum
898 2404 1091 2440 sanatam
1111 2406 1253 2451 tenet3
1276 2408 1318 2442 et
1340 2409 1410 2443 ta-

88 2480 100 2502 1
127 2490 140 2509 1
162 2480 234 2511 Cor.
252 2489 305 2517 m,
328 2490 356 2510 1.
374 2495 420 2502 —
434 2477 449 2499 ²
468 2477 585 2510 Matth.
608 2489 648 2515 vi,
671 2488 782 2511 12.—
801 2476 815 2502 3
831 2481 925 2513 Joan.
940 2491 1014 2520 xm,
1034 2481 1089 2513 23.
1104 2497 1148 2504 —-
1162 2478 1176 2502 ⁴
1197 2491 1209 2512 ι
1230 2482 1362 2524 Joan.1,
1376 2483 1411 2516 8.

41 2548 86 2558 —
104 2529 118 2567 5
147 2542 163 2565 1
181 2532 258 2582 Cpr.
277 2542 302 2572 1,
319 2532 375 2567 30.
394 2548 440 2556 ·-
456 2528 471 2555 6
489 2531 570 2580 Ρξεὶ.
589 2542 646 2577 cn,
662 2534 693 2565 3.
