1758 3246
331 317 419 348 222
750 314 784 344 s.
826 313 1071 344 AUGUSTINI
1108 315 1309 345 Erlscom

326 382 407 427 sub
429 378 565 439 gratia
579 415 591 435 ‚
619 388 661 424 et
681 395 781 424 cum
807 378 917 424 bene
940 390 1107 442 pugnat
1127 379 1302 438 adjutus
1316 416 1327 435 ,
1358 378 1519 424 exultat
1541 378 1587 424 in
1606 379 1699 426 Do-

323 452 442 496 mino
473 465 577 495 cum
606 458 816 504 tremore,
855 466 944 494 non
981 449 1138 497 desunt
1171 460 1315 495 tamen
1350 449 1483 495 etiam
1522 449 1702 496 strenuis

325 519 610 566 bellatoribus
627 556 639 574 ,
668 528 710 563 et
734 535 916 582 operum
936 519 1075 564 carnis
1100 520 1298 581 quamvis
1320 519 1497 566 invictis
1521 520 1702 565 mortifi-

327 589 548 635 catoribus
563 625 575 645 ,
620 587 765 650 aliqua
801 587 982 633 vulnera
1019 598 1303 651 peccatorum
1324 626 1334 645 ,
1378 598 1559 651 propter
1606 605 1704 652 quae

326 659 517 706 sananda
545 656 742 721 quotidie
766 658 975 703 veraciter
1007 658 1157 703 dicant
1178 675 1189 702 ε
1219 678 1240 699 «
1260 658 1441 703 Dimitte
1463 658 1590 703 nobis
1625 657 1704 703 de-

327 751 348 772 »
365 729 459 775 bita
476 726 652 774 nostra1
673 743 685 771 t
707 744 728 765 ›>
751 737 904 772 contra
928 727 1078 773 eadem
1095 727 1200 774 vitia
1214 764 1225 783 ‚
1251 737 1294 773 et
1311 737 1462 772 contra
1481 726 1705 773 diabolum

324 800 571 864 principem
589 813 817 859 regemque
833 798 1061 853 vitiorum,
1082 798 1220 843 multo
1239 797 1490 857 vigilantius
1506 807 1547 842 et
1564 798 1706 844 acrius
1746 825 1752 844 =.

323 871 419 932 ipsa
452 869 645 914 oratione
678 877 918 923 certantes,
966 885 1020 913 ne
1057 867 1230 913 valeant
1265 867 1432 931 aliquid
1472 867 1707 914 mortiferae

326 939 613 999 suggestiones
630 941 720 996 ejus
735 973 745 992 ,
773 937 936 998 quibus
954 937 1129 996 instigat
1149 937 1328 1000 insuper
1350 946 1628 1000 peccatorem
1654 936 1708 983 ad

326 1027 402 1056 sua
434 1007 676 1055 excusanda
699 1006 846 1069 potius
879 1023 1011 1069 quam
1047 1007 1291 1053 accusanda
1320 1018 1501 1070 peccata
1529 1025 1540 1052 ε
1578 1024 1625 1053 ac
1648 1008 1708 1053 sic

325 1079 400 1125 illa
420 1078 600 1125 vulnera
619 1094 707 1122 non
729 1076 860 1122 modo
885 1093 974 1121 non
1002 1087 1208 1122 sanentur
1224 1115 1235 1133 ,
1278 1077 1560 1124 verumetiam
1578 1114 1588 1133 ‚
1629 1077 1708 1122 etsi

326 1148 547 1195 mortifera
566 1165 656 1193 non
673 1159 818 1203 erant,
842 1148 1030 1206 graviter
1052 1158 1092 1191 et
1111 1147 1329 1192 lethaliter
1353 1147 1622 1207 infligantur.
1647 1148 1704 1192 Et

324 1221 402 1267 hic
433 1236 532 1278 ergo
562 1218 756 1263 cautiore
789 1234 900 1280 opus
927 1228 990 1262 est
1013 1218 1281 1263 continentia
1298 1255 1309 1274 ,
1342 1232 1430 1280 qua
1449 1217 1710 1263 cohibeatur

327 1290 542 1354 superbus
569 1289 760 1333 hominis
779 1288 1002 1350 appetitus
1021 1325 1032 1344 ,
1056 1305 1145 1350 quo
1161 1288 1307 1351 placet
1330 1288 1414 1332 sibi
1446 1298 1487 1332 et
1506 1305 1596 1332 non
1613 1287 1709 1334 vult

330 1359 565 1425 culpabilis
587 1358 774 1403 inveniri
794 1395 805 1414 ,
840 1357 1189 1420 dedignaturque
1213 1374 1315 1403 cum
1339 1368 1494 1420 peccat
1509 1357 1712 1404 convinci

329 1431 450 1498 quod
472 1434 564 1492 ipse
586 1429 832 1491 peccaverit
847 1465 857 1483 ,
889 1445 978 1473 11011
1003 1428 1169 1473 salubri
1199 1427 1449 1473 humilitate
1477 1427 1713 1491 suscipiens

330 1501 650 1550 accusationem
673 1499 761 1555 sui,
800 1498 873 1544 sed
896 1499 1212 1544 excusationem
1239 1499 1387 1562 potius
1416 1498 1592 1544 ruinosa
1620 1498 1712 1544 ela-

328 1574 446 1619 tione
465 1570 739 1633 conquirens,
770 1568 838 1613 Ad
857 1568 975 1614 hanc
996 1570 1247 1633 superbiam
1268 1568 1557 1615 coercendam
1575 1605 1587 1625 ,
1610 1585 1712 1614 0011-

327 1642 556 1690 tinentiam
592 1640 748 1704 petivit
784 1658 807 1685 a
843 1640 1032 1686 Domino
1062 1640 1157 1697 ille,
1197 1644 1322 1700 cujus
1355 1640 1554 1703 superius
1581 1640 1714 1687 verba

327 1718 418 1775 jam
448 1711 601 1776 posui,
630 1720 672 1755 et
701 1711 813 1756 sicut
843 1711 997 1774 potui,
1029 1711 1345 1758 commendavi.
1390 1711 1589 1774 Namque
1612 1724 1714 1756 cum

332 1784 504 1830 dixisset
527 1799 538 1826 z
568 1782 746 1836 «Pone,
771 1781 974 1837 Domine,
999 1781 1242 1826 custodiam
1261 1781 1326 1826 ori
1345 1797 1459 1836 meo,
1488 1791 1530 1826 et
1556 1781 1714 1826 ostium

332 1877 355 1899 »
374 1851 654 1899 continentiae
680 1851 848 1896 circum
868 1850 985 1896 labia
1011 1868 1131 1904 mea3
1162 1869 1214 1896 ne
1243 1850 1431 1896 declines
1463 1867 1539 1896 cor
1570 1868 1715 1896 meum

333 1925 419 1970 »in
441 1923 574 1970 verba
599 1921 812 1980 maligna2
835 1938 847 1966 z
873 1943 893 1962 »
927 1921 1043 1966 unde
1076 1921 1163 1967 hoc
1190 1921 1352 1967 diceret
1372 1920 1613 1967 evidentius
1637 1938 1712 1966 ex-

331 1995 500 2061 plicans
522 2009 532 2036 :
561 2013 581 2031 «
603 1991 671 2037 Ad
688 1991 966 2059 excusandas,
990 1992 1134 2054 inquit
1149 2029 1159 2049 ,
1181 1991 1473 2037 excusationes
1490 1991 1536 2036 in
1553 2008 1710 2054 pecca-

335 2088 357 2109 »
376 2065 444 2111 tis,
470 2085 490 2105 ›>
521 2060 642 2118 Quid
665 2061 780 2105 enim
814 2060 1044 2119 malignius
1079 2061 1149 2106 his
1185 2061 1351 2117 verbis,
1387 2061 1550 2124 quibus
1577 2060 1715 2106 malus

334 2134 500 2183 malum
532 2148 574 2176 se
605 2140 758 2188 negat,
794 2130 922 2175 etiam
956 2129 1008 2175 de
1039 2147 1168 2193 opere
1200 2130 1314 2176 malo
1347 2131 1571 2176 convictus
1595 2130 1715 2194 quod

336 2221 490 2265 negare
512 2219 602 2248 non
617 2199 782 2246 valeat?
801 2200 856 2244 Et
877 2201 1085 2262 quoniam
1102 2200 1267 2246 factum
1287 2218 1375 2246 non
1392 2211 1537 2264 potest
1555 2211 1710 2260 tegere,

336 2293 416 2326 nec
434 2271 711 2320 benefactum
729 2280 872 2332 potest
892 2269 1051 2326 (110010,
1076 2281 1117 2315 ct
1133 2289 1155 2316 a
1173 2288 1214 2315 se
1230 2270 1393 2316 factum
1413 2270 1533 2317 videt
1547 2281 1710 2334 patere,

338 2345 497 2414 quaerit
515 2344 560 2388 in
581 2341 712 2387 alium
733 2340 887 2386 referre
912 2341 1032 2403 quod
1063 2341 1167 2387 fecit
1181 2379 1190 2391 ,
1217 2353 1427 2404 tanquam
1455 2341 1557 2386 inde
1579 2341 1715 2404 possit

340 2417 504 2466 auferre
537 2412 657 2477 quod
675 2412 846 2458 meruit.
879 2413 1037 2458 Nolens
1063 2430 1104 2458 se
1132 2430 1218 2458 esse
1241 2430 1386 2467 1011111,
1413 2411 1536 2457 addit
1568 2412 1714 2475 potius

340 2489 395 2537 ad
415 2495 608 2540 reatum,
636 2494 678 2529 et
706 2500 781 2528 sua
809 2483 1050 2528 excusando
1067 2521 1077 2540 ,
1109 2501 1197 2529 11011
1230 2481 1472 2528 accusando
1504 2493 1709 2546 peccata,

336 2561 504 2621 ignorat
522 2571 612 2601 non
631 2571 673 2598 se
695 2570 876 2617 poenam
894 2570 1114 2599 removere
1131 2591 1141 2610 ,
1163 2552 1237 2599 sed
1256 2552 1443 2601 veniam.
1473 2551 1607 2617 Apud
1625 2551 1712 2598 ho-

384 2640 596 2677 livianus-1,
616 2648 669 2672 12.
685 2654 730 2663 —
747 2633 762 2658 2
781 2636 863 2668 Psal.
885 2647 960 2681 exn,
980 2638 1012 2681 3,
1031 2643 1063 2674 4.
