1758 3246
315 315 400 377 198
729 328 762 358 s.
807 327 1049 357 Aucus'shxi
1086 326 1287 356 Episcopi

301 395 455 441 lumba
473 431 483 451 ,
515 410 646 458 quam
675 393 785 440 vidit
811 395 997 439 Joannes
1030 393 1227 457 Baptista
1270 387 1601 437 descendentem
1627 382 1681 460 de

303 465 417 512 coelo
442 475 484 511 et
500 475 747 511 manentem
775 482 904 528 super
931 482 1029 509 eum
1051 466 1096 510 in
1135 465 1254 523 signo
1296 460 1484 524 Spiritus
1521 464 1674 502 sanctl.
1749 522 1751 533 Ι

303 538 371 583 Ita
390 538 504 583 enim
525 537 782 601 persuadere
797 548 1010 583 conantur
1035 536 1193 581 Filium
1211 536 1292 580 Dei
1316 544 1469 579 natum
1489 545 1578 574 non
1596 540 1683 571 esse
1748 572 1751 579 ,

303 608 357 654 de
373 609 567 656 foemina.
613 610 728 666 Quia
755 609 789 654 si
814 608 1062 654 carnalibus
1087 607 1223 652 oculis
1243 623 1341 651 eum
1361 600 1593 666 oportebat
1609 613 1682 642 os·
1748 642 1752 672 5

301 679 447 735 tendi,
471 681 617 743 potuit
632 717 642 736 ‚
673 680 881 742 inquiunt
898 717 908 733 ,
932 680 991 724 sic
1016 695 1228 724 assumere
1255 691 1440 738 corpus,
1462 667 1684 735 quomodo
1749 674 1752 679 '

308 751 499 814 Spiritus
525 761 713 797 sanctus.
736 752 835 796 Non
854 751 968 795 enim
999 761 1040 794 et
1062 748 1269 795 columba
1304 746 1377 792 illa
1410 744 1463 789 de
1483 758 1564 788 ovo
1583 749 1685 785 nata
1749 766 1752 811 Ξ

299 831 382 876 est,
431 822 575 874 aiunt3
612 832 653 865 et
690 831 835 866 tamen
868 821 1074 865 humanis
1101 818 1237 864 oculis
1271 817 1416 881 potuit
1445 826 1666 888 apparere.

303 890 477 946 Quibus
492 892 687 954 primum
705 891 815 937 illud
834 889 1188 953 respondendum
1206 899 1268 934 est
1282 926 1292 939 ,
1331 885 1452 950 quod
1486 884 1551 929 ibi
1566 883 1675 941 legl-

301 977 397 1006 mus
419 961 464 1007 in
480 963 622 1024 specie
637 962 856 1007 columbae
873 960 1123 1025 apparuisse
1142 961 1167 1005 J
1171 959 1301 1005 oanni
1317 957 1532 1022 Spiritum
1548 968 1678 999 sanc-

308 1029 451 1085 tum1‚
478 1031 556 1076 ubi
579 1031 759 1090 legimus
789 1032 921 1077 etiam
950 1031 1177 1076 Christum
1192 1040 1346 1075 natum
1383 1044 1469 1073 esse
1504 1025 1558 1070 de
1590 1023 1679 1069 foe-

300 1099 441 1153 mina;
464 1110 506 1145 et
519 1117 606 1145 non
624 1111 797 1163 oportet
832 1101 878 1145 in
911 1111 1034 1163 parte
1060 1099 1234 1145 credere
1274 1097 1533 1157 Evangelio,
1560 1106 1601 1141 et
1634 1095 1679 1141 in

298 1181 423 1234 parte
440 1188 528 1216 non
545 1171 733 1218 credere.
762 1171 888 1216 Unde
907 1172 1021 1216 enim
1040 1171 1179 1217 credis
1199 1171 1244 1216 in
1282 1169 1502 1215 columbae
1537 1167 1679 1230 specie

303 1241 647 1287 demonstratum
666 1259 752 1287 esse
772 1242 986 1305 Spiritum
1006 1252 1227 1293 sanctum,
1254 1240 1335 1285 nisi
1352 1238 1455 1302 quia
1474 1238 1518 1283 in
1537 1238 1679 1283 Evan-
1748 1282 1752 1303 X·

304 1311 413 1371 gelio
436 1310 602 1371 legisti?
629 1313 743 1371 Ergo
768 1323 810 1358 et
833 1330 909 1372 ego
931 1312 1032 1357 inde
1055 1311 1186 1358 credo
1209 1310 1436 1356 Christum
1458 1318 1609 1353 natum
1628 1306 1681 1352 de
1748 1332 1752 1360 ;

301 1381 468 1441 virgine
490 1399 577 1427 esse
595 1419 606 1438 ‚
628 1382 731 1444 quia
750 1383 796 1427 in
822 1382 1056 1441 Evangelio
1073 1382 1155 1441 legi
1179 1382 1216 1436 2,
1240 1382 1384 1436 Quare
1407 1389 1551 1424 autem
1576 1377 1681 1440 Spi-

297 1452 407 1497 ritus
424 1462 597 1497 sanctus
620 1469 709 1496 non
728 1463 790 1497 cst
821 1463 946 1497 natus
975 1452 1028 1497 de
1058 1452 1282 1506 columba,
1309 1448 1682 1514 quemadmodum

302 1520 504 1566 Christus
529 1519 583 1565 de
608 1520 788 1566 foemina
817 1521 891 1566 illa
918 1539 1048 1567 causa
1085 1531 1172 1576 est,
1199 1521 1302 1583 quia
1325 1537 1415 1565 non
1453 1517 1684 1565 columbos

300 1590 485 1636 liberare
508 1601 683 1637 venerat
699 1592 888 1654 Spiritus
905 1602 1077 1637 sanctus
1093 1629 1103 1647 ‚
1131 1590 1204 1636 sed
1229 1590 1484 1636 hominibus
1515 1589 1684 1648 signifi-

309 1676 407 1706 care
423 1660 714 1705 innocentiam
737 1673 780 1706 et
793 1678 983 1707 amorem
1001 1661 1258 1725 spiritalem,
1273 1660 1394 1724 quod
1405 1661 1450 1705 in
1467 1658 1687 1705 columbae

307 1730 450 1793 specie
471 1730 702 1776 visibiliter
727 1732 963 1791 figuratum
1002 1743 1077 1778 est.
1131 1731 1340 1776 Dominus
1386 1740 1529 1776 autem
1564 1730 1686 1774 Jesus

308 1800 509 1845 Christus
524 1837 535 1855 ‚
564 1800 643 1863 qui
659 1812 836 1847 venerat
856 1802 911 1848 ad
945 1802 1144 1847 homines
1165 1800 1415 1847 liberandos
1430 1838 1440 1856 ,
1467 1800 1513 1846 in
1527 1798 1688 1862 quibus

306 1879 348 1914 et
368 1886 506 1914 mares
522 1880 565 1914 et
587 1869 783 1916 foeminae
795 1872 1016 1935 pertinent
1033 1871 1087 1917 ad
1107 1871 1288 1917 salutem
1303 1909 1314 1927 ,
1333 1888 1414 1916 nec
1437 1886 1576 1915 mares
1597 1868 1688 1913 fas-

308 1938 480 1995 tidivit,
510 1939 613 2001 quia
628 1957 790 1986 marem
812 1942 1026 2005 suscepit;
1047 1959 1126 1987 nec
1146 1941 1349 1987 foeminas
1364 1978 1374 1997 ‚
1396 1941 1498 2004 quia
1519 1940 1573 1986 de
1599 1939 1688 1986 foe-

310 2008 428 2053 mina
441 2019 568 2054 natus
584 2020 658 2055 est.
690 2011 789 2056 Huc
809 2011 977 2057 accedit
998 2028 1204 2071 magnum
1244 2022 1562 2056 sacramentum
1580 2047 1591 2066 ‚
1639 2021 1688 2055 ut

314 2078 519 2142 quoniam
547 2096 625 2141 per
642 2079 869 2126 foeminam
892 2081 1020 2126 nobis
1049 2098 1164 2126 mors
1186 2080 1428 2135 acciderat,
1451 2080 1541 2126 vita
1563 2080 1690 2126 nobis

311 2165 390 2211 per
402 2147 628 2194 foeminam
659 2161 906 2195 nasceretur
931 2168 941 2195 ε
967 2161 1017 2195 ut
1045 2150 1099 2196 de
1119 2161 1302 2213 utraque
1337 2160 1518 2206 natura,
1540 2149 1585 2195 id
1608 2161 1686 2207 est,

308 2217 537 2263 foeminina
556 2228 598 2263 et
614 2219 869 2276 masculina,
890 2220 1032 2266 victus
1056 2220 1256 2265 diabolus
1278 2220 1563 2276 cruciaretur,
1587 2236 1692 2283 quo-
1745 2235 1751 2262 ε

308 2287 424 2332 niam
444 2287 498 2332 de
515 2288 743 2334 ambarum
763 2289 1040 2335 subversione
1055 2291 1313 2345 laetabatur3
1336 2289 1408 2335 cui
1423 2307 1581 2353 parum
1599 2290 1690 2336 fue·
1745 2311 1749 2343 3

308 2368 376 2402 rat
392 2356 446 2402 ad
463 2374 644 2421 poenam
659 2359 695 2404 si
711 2360 854 2405 ambae
870 2372 1040 2406 naturae
1060 2361 1106 2406 in
1124 2361 1251 2406 nobis
1269 2361 1558 2406 liberarentur
1571 2397 1582 2417 ,
1609 2360 1691 2406 nisi

314 2429 442 2472 etiam
459 2442 537 2491 per
553 2429 702 2474 ambas
718 2429 1015 2478 liberaremur.
1047 2432 1195 2494 Neque
1218 2431 1306 2476 hoc
1329 2430 1389 2475 ita
1407 2430 1596 2476 dicimus
1609 2467 1620 2486 ‚
1645 2441 1693 2476 ut

317 2497 554 2542 Dominum
578 2498 725 2545 Jesum
747 2499 976 2546 Christum
1000 2501 1198 2547 dicamus
1214 2501 1351 2546 solum
1367 2517 1517 2547 verum
1533 2517 1693 2564 corpus
1744 2515 1751 2546 i,

322 2566 543 2625 hahuisse,
573 2568 785 2632 Spiritum
817 2583 1014 2618 sanctum
1053 2583 1194 2618 autem
1216 2572 1426 2618 fallaciter
1450 2572 1697 2636 apparuisse
1744 2592 1749 2606 ι

364 2650 375 2672 ¹
394 2650 582 2690 Mauh.111‚
608 2654 718 2687 16,—
733 2652 748 2675 2
764 2653 811 2686 Id.
829 2666 854 2698 1,
870 2667 924 2688 20.
