1758 3246
477 295 532 325 DE
568 295 818 334 ΜΕΝῡΑοιο,
857 297 942 326 un.
986 297 1015 326 1.
1329 282 1424 337 465

58 360 212 425 perdat
237 378 248 406 z
271 371 449 407 vocetur
469 370 509 405 et
524 360 607 406 hoc
623 371 868 423 peccatum,
895 359 1000 404 dum
1020 370 1161 406 tamen
1184 362 1425 425 suscipien-

59 430 164 477 dum
187 449 296 486 csse‚
325 441 373 476 ut
393 430 578 493 amplius
603 432 787 476 evitetur
804 467 814 481 ,
841 431 898 475 ita
927 447 1052 474 nemo
1073 430 1244 476 dubitet
1267 468 1278 486 ‚
1317 433 1429 478 sicut

59 519 185 546 nemo
216 501 391 546 dubitat
417 500 596 545 cavendi
620 501 796 558 majoris
833 499 978 544 damni
1012 515 1140 543 causa
1176 501 1432 561 patiendum

58 587 143 616 esse
161 571 279 634 quod
298 570 438 615 minus
465 580 540 615 cst..

122 642 215 686 XL.
257 640 342 685 Ista
373 650 475 684 sunt
510 650 650 684 autem
677 655 777 700 quae
813 638 1050 683 sanctitatis
1075 654 1201 683 causa
1227 640 1435 686 servanda

59 721 160 756 sunt
180 747 191 766 ‚
229 709 440 773 pudicitia
478 709 695 771 corporis,
733 718 775 752 et
797 707 970 752 castitas
994 707 1176 762 animae‚
1213 719 1253 752 et
1281 709 1436 755 veritas

59 780 284 826 doctrinae.
335 779 599 824 Pudicitiam
642 777 836 841 corporis
858 813 869 832 ,
916 794 1003 821 non
1045 779 1335 823 consentiente
1387 797 1436 825 ac

57 851 334 914 permittente
361 850 528 904 anima.
560 865 685 893 nemo
722 848 867 893 violat.
914 847 1145 910 Quidquid
1176 849 1289 894 enim
1310 850 1436 895 nobis

57 920 202 966 invitis
220 919 471 982 nullamque
494 919 784 963 tribuentibus
810 927 1060 979 potestatem
1082 921 1240 977 majore
1266 919 1309 963 vi
1326 936 1436 964 con-

57 990 185 1049 tingit
207 990 251 1034 in
269 1000 415 1034 nostro
427 1006 627 1051 corpore,
642 988 760 1033 nulla
778 987 1051 1050 impudicitia
1064 997 1139 1033 cst.
1160 987 1243 1033 Sed
1261 989 1437 1052 permit-

58 1058 176 1104 tendi
196 1069 341 1122 potest
361 1076 446 1103 esse
473 1058 614 1120 aliqua
640 1058 747 1102 ratio
763 1094 773 1112 ,
806 1057 1103 1102 consentiendi
1127 1068 1269 1103 autem
1295 1058 1427 1104 nulla.

58 1131 183 1174 Tunc
203 1129 317 1174 enim
335 1129 626 1174 consentimus
642 1165 653 1183 ‚
679 1145 778 1172 cum
801 1128 1096 1189 approbamus
1124 1138 1165 1172 et
1190 1128 1390 1174 volumus
1416 1147 1427 1174 ε

56 1199 348 1263 permittimus
362 1208 503 1243 autem
523 1198 650 1242 etiam
667 1213 755 1241 non
775 1195 963 1241 volentes
981 1232 991 1250 ‚
1017 1197 1233 1241 evitandae
1251 1197 1435 1258 alicujus

58 1268 230 1327 majoris
244 1267 524 1329 turpitudinis
535 1265 685 1324 gratia.
698 1265 930 1308 Consensio
945 1281 1044 1308 sane
1055 1265 1436 1327 adimpudicitiam

59 1336 328 1400 corporalem
348 1370 358 1387 2
381 1336 508 1380 etiam
527 1334 765 1379 castitatem
784 1332 1070 1378 animiviolat.
1098 1334 1244 1379 Animi
1271 1336 1437 1398 quippe

57 1407 230 1452 castitas
245 1416 307 1450 est
323 1406 366 1450 in
382 1406 496 1450 bona
507 1404 729 1450 voluntate
743 1414 784 1448 et
796 1403 1219 1459 sinceradilectione‚
1235 1422 1334 1467 quae
1346 1422 1435 1451 non

59 1476 383 1538 corrumpitur,
415 1475 496 1519 nisi
531 1491 630 1518 cum
658 1490 849 1517 amamus
881 1483 1009 1535 atque
1039 1474 1285 1535 appetimus
1311 1475 1431 1538 quod

58 1545 291 1591 amandum
309 1556 435 1608 atque
456 1543 748 1608 appetendum
763 1560 850 1587 non
870 1559 956 1587 esse
972 1542 1136 1588 Veritas
1153 1543 1291 1590 docet.
1318 1548 1434 1590 Cus-

60 1615 262 1661 todienda
288 1626 350 1660 est
371 1632 470 1674 ergo
491 1615 710 1659 sinceritas
728 1613 970 1658 dilectionis
993 1613 1070 1657 Dei
1087 1624 1127 1657 et
1152 1616 1334 1676 proximi
1353 1635 1364 1669 3
1390 1617 1436 1662 in

58 1684 142 1730 hac
156 1685 271 1730 enim
286 1685 456 1730 castitas
475 1684 607 1729 animi
630 1684 927 1728 sanctificatur
953 1699 964 1726 t
985 1693 1026 1726 et
1046 1683 1257 1740 agendum
1273 1685 1435 1746 quibus

58 1771 286 1817 possumus
303 1754 488 1807 viribus,
519 1765 560 1798 et
581 1755 654 1815 pia
674 1752 991 1815 supplicatione
1005 1789 1015 1806 ‚
1043 1763 1091 1796 ut
1108 1769 1207 1797 cum
1232 1753 1432 1799 violanda

60 1825 279 1887 appetitur
297 1823 510 1887 pudicitia
525 1823 720 1886 corporis
734 1822 885 1877 nostri,
901 1839 979 1867 nec
1003 1823 1094 1883 ipse
1115 1823 1269 1868 animae
1288 1841 1433 1870 sensus

60 1905 292 1948 extremus,
320 1893 398 1956 qui
417 1893 537 1937 carni
573 1892 823 1955 implicatus
857 1903 919 1936 est
936 1928 946 1947 ‚
982 1890 1123 1954 aliqua
1147 1892 1431 1939 delectatione

59 1975 261 2023 tangatur
288 1981 299 2008 :
324 1964 358 2008 si
391 1974 532 2008 autem
570 1963 656 2007 hoc
683 1979 771 2007 non
803 1972 969 2024 potest,
996 1963 1063 2006 vel
1087 1964 1239 2007 mentis
1260 1964 1305 2008 in
1343 1981 1431 2010 non

60 2033 365 2080 consentiendo
393 2033 564 2078 castitas
587 2043 873 2078 conservetur.
901 2032 1195 2078 Custodienda
1210 2044 1271 2078 est
1287 2044 1430 2079 autem

59 2104 105 2149 in
130 2104 260 2149 animi
279 2103 490 2158 castitate,
508 2102 627 2165 quod
649 2102 702 2148 ad
726 2102 1000 2148 dilectionem
1020 2104 1204 2166 proximi
1224 2105 1426 2166 pertinet,

60 2173 306 2219 innocentia
324 2184 366 2218 et
389 2172 687 2218 benevolentia
714 2190 726 2218 ι
749 2173 868 2236 quod
895 2184 1037 2218 autem
1063 2174 1116 2218 ad
1139 2175 1240 2231 Dei,
1271 2176 1421 2239 pietas,

61 2243 314 2289 Innocentia
340 2252 402 2288 est
419 2280 430 2298 ,
457 2259 542 2305 qua
565 2242 675 2288 nulli
699 2260 904 2288 nocemus
932 2261 942 2287 ε
970 2244 1268 2290 benevolentia
1291 2284 1301 2302 ,
1345 2265 1431 2310 qua

61 2313 190 2358 etiam
227 2329 459 2376 prosumus
495 2312 566 2357 cui
605 2330 833 2375 possumus
871 2331 881 2357 ε
920 2313 1056 2375 pietas
1077 2349 1088 2367 ‚
1129 2330 1214 2376 qua
1251 2315 1431 2362 colimus

62 2381 216 2428 Deum.
242 2381 407 2427 Veritas
428 2391 569 2426 autem
593 2381 828 2438 doctrinae,
854 2381 1091 2440 religionis,
1115 2393 1241 2445 atque
1261 2386 1433 2447 pietatis

0 2479 1 2483 =
62 2451 232 2496 nonnisi
247 2451 472 2496 mendacio
490 2450 704 2504 violatum
728 2469 827 2497 cum
845 2453 937 2514 ipsa
952 2469 996 2496 su
1006 2469 1118 2496 mma
1133 2463 1259 2515 atque
1278 2455 1432 2502 intima

0 2547 2 2576 ς
62 2521 236 2576 veritas,
252 2524 375 2581 cujus
399 2531 460 2566 est
482 2521 563 2566 ista
577 2521 796 2577 doctrina,
822 2521 943 2567 nullo
967 2522 1096 2566 modo
1110 2524 1243 2584 possit
1260 2525 1429 2583 violari,

0 2586 2 2612 ¹
65 2589 117 2634 ad
140 2606 272 2653 quam
306 2591 551 2654 pervenire,
581 2601 707 2653 atque
746 2592 790 2636 in
823 2591 893 2635 illa
918 2591 1035 2636 omni
1072 2591 1202 2635 modo
1226 2610 1396 2640 manere
1418 2634 1429 2653 ,

197 2676 381 2706 cxxxiii.
1248 2663 1305 2708 30
