1758 3246
313 254 374 322 9²4
411 273 445 303 s.
488 270 731 302 Aucusrffit
767 271 967 302 Ertseom
1007 273 1059 320 niz
1097 269 1195 301 mor.
1231 268 1283 300 Er
1319 267 1553 312 ornemus„
1591 265 1684 303 ETC.

315 335 511 400 promitti
540 334 742 381 fidelibus
766 337 897 382 vitam
933 346 1157 391 aeternam,
1193 346 1239 381 ut
1263 353 1353 381 non
1379 336 1509 381 etiam
1537 352 1615 400 per
1644 336 1693 381 fi-

316 406 413 450 dem
453 415 694 461 mortuam,
730 422 830 468 quae
867 406 956 450 sine
987 406 1192 468 operibus
1226 405 1388 450 salvare
1420 423 1509 451 non
1533 415 1691 468 potest,

318 475 371 519 ad
404 491 498 520 eam
529 492 570 520 se
597 476 779 538 quisque
813 476 1036 539 pervenire
1069 492 1191 538 posse
1218 476 1475 531 arbitretur,
1515 475 1587 521 sed
1619 493 1695 538 per

314 544 431 590 illam
461 544 593 590 fidem
613 547 782 604 grathe,
821 561 920 607 quae
948 562 1024 608 per
1054 545 1328 590 dilectionem
1352 556 1570 608 operatur.
1597 547 1695 590 Nou

315 616 462 677 itaque
477 614 710 676 culpentur
728 614 1041 676 dispensatores
1061 613 1224 669 fideles,
1253 631 1339 659 non
1369 631 1443 659 sua
1474 614 1696 674 negligen-
1740 638 1758 651 r-

318 685 377 729 tia
408 683 475 729 vel
494 684 688 746 pigritia,
716 682 789 727 sed
811 683 1102 745 quorumdam
1131 683 1278 746 potius
1302 685 1596 739 contumacia,
1621 684 1696 746 qui

316 753 550 817 pecuniam
578 752 841 797 dominicam
864 764 1063 798 recusant
1093 753 1307 816 accipere,
1340 763 1381 798 et
1412 753 1696 798 adulterinam
1740 763 1758 801 ἑ.

319 837 441 868 suam
465 832 627 881 cogunt
652 837 793 868 servos
812 822 1053 868 dominicos
1076 839 1267 882 erogare,
1299 822 1404 868 dum
1437 823 1593 868 nolunt
1610 822 1698 868 sal-
1740 839 1758 863 22

325 904 408 937 tem
439 891 542 937 tales
574 908 659 937 esse
692 891 795 936 mali
814 928 824 947 ‚
855 891 1004 954 quales
1034 902 1207 937 sanetus
1238 893 1485 955 Cyprianus
1512 910 1698 937 comme-

318 962 508 1019 morat1‚
544 961 704 1007 saeculo
733 962 876 1008 verbis
908 962 1007 1007 solis
1033 972 1075 1006 et
1101 979 1188 1007 non
1216 962 1340 1007 factis
1368 963 1661 1007 renuntiantes
1684 981 1694 1007 ι

321 1033 496 1096 quando
528 1048 606 1076 nec
635 1031 780 1077 verbis
805 1033 1052 1077 renuntiare
1084 1031 1251 1077 diaboli
1283 1032 1487 1095 operibus
1515 1032 1695 1087 volunt,

321 1120 423 1149 cum
447 1102 551 1148 sein
575 1101 786 1147 adulterio
812 1119 1115 1165 permansuros
1134 1119 1238 1147 voce
1271 1103 1539 1164 apertissima
1566 1103 1699 1166 profi-

321 1184 480 1219 tentur.
518 1172 564 1217 Si
587 1171 694 1234 quid
719 1172 774 1217 ab
797 1173 856 1216 eis
883 1172 971 1217 dici
994 1171 1125 1224 solet,
1151 1171 1271 1234 quod
1296 1172 1406 1218 forte
1436 1171 1700 1234 disputando
1742 1192 1745 1210 ff

321 1263 411 1292 non
446 1243 568 1302 attigi
598 1242 676 1287 tale
705 1259 791 1287 esse
828 1243 1061 1288 arbitratus
1085 1259 1208 1295 sum,
1246 1243 1316 1288 eui
1354 1259 1444 1288 mea
1481 1243 1700 1306 responsio

320 1314 556 1361 necessaria
580 1329 669 1357 non
692 1311 865 1365 fuisset3
889 1312 976 1357 sive
995 1311 1115 1375 quod
1137 1311 1190 1357 ad
1211 1329 1301 1357 rem
1318 1350 1328 1368 ,
1353 1311 1406 1357 de
1429 1328 1515 1375 qua
1541 1312 1697 1371 agitur,

320 1403 408 1433 non
432 1383 683 1447 pertineret,
721 1382 807 1428 sive
840 1382 960 1445 quod
983 1393 1071 1428 tam
1104 1381 1195 1429 leve
1220 1393 1352 1441 esset,
1378 1393 1428 1428 ut
1457 1400 1480 1428 a
1505 1381 1702 1445 quolibet

322 1453 522 1513 redargui
544 1451 748 1498 facillime
767 1463 924 1515 posset.

365 1553 374 1575 1
390 1547 569 1595 Cyprianus
582 1556 675 1579 serm.
689 1546 728 1579 de
743 1545 861 1590 Lapsis.
