1758 3246
293 315 347 343 mz
385 309 552 342 sANcrA
586 306 875 339 VlltGlNlTATE
899 327 910 346 ,
951 309 1037 338 mn.
1085 312 1111 339 1.
1316 294 1408 341 305

34 379 288 424 meritorum
316 415 326 433 ‚
354 376 504 422 multae
529 373 770 420 mansiones
790 381 891 416 sunt
921 372 1040 434 apud
1077 372 1283 418 Patrem1
1313 392 1323 419 ε
1359 392 1409 420 ac

35 465 112 510 per
133 448 218 493 hoc
247 448 293 493 in
317 446 492 492 denario
523 443 700 507 quidem
726 459 814 487 non
833 441 993 504 impari
1013 478 1023 497 ‚
1052 458 1139 486 non
1163 443 1271 488 vivit
1302 443 1411 489 alius

37 516 119 562 alio
146 516 382 579 prolixius3
419 515 465 559 in
494 513 642 558 multis
673 523 815 557 autem
844 510 1141 556 mansionibus
1174 510 1414 558 honoratur

38 585 143 631 alius
167 586 248 631 alio
262 584 432 630 elariuS.

100 655 283 700 XXVII.
327 653 495 712 pergite
521 652 668 714 itaque
699 650 838 696 sancti
869 650 976 705 Dei,
1007 650 1133 712 pueri
1153 668 1204 695 ac
1227 651 1414 714 puellae,

38 740 173 768 mares
194 740 244 768 ae
266 722 483 771 iberninae,
511 720 685 766 eaelibes
709 730 750 764 et
775 720 975 781 innuptae
989 756 999 768 ,
1035 720 1198 782 pergite
1219 737 1419 783 perseve-

37 804 182 840 ranter
199 793 243 837 in
264 793 408 837 finem.
435 790 630 836 Laudare
657 789 896 834 Dominum
920 788 1092 833 dulcius
1114 826 1126 845 ‚
1149 806 1279 853 quem
1299 791 1423 851 cogi-

39 864 136 909 tatis
163 863 336 908 uberius
364 879 374 906 :
404 872 572 924 sperate
595 860 762 905 felicius
784 895 796 916 ,
842 859 913 904 cui
951 859 1116 904 servitis
1156 860 1420 906 instantius:

41 944 178 978 amate
198 933 440 986 ardentius,
463 932 534 976 eui
559 931 740 993 placetis
765 931 984 975 attentius.
1012 931 1194 976 Lumhis
1214 933 1422 978 accinctis

39 1015 80 1048 et
103 1002 289 1048 lucernis
301 1002 555 1047 ardentibus
573 1013 792 1064 expectate
817 1001 1068 1056 Dominum,
1088 1002 1265 1063 quando
1283 1004 1427 1049 veniat

41 1091 63 1118 a
82 1072 245 1135 nuptiis
263 1072 295 1118 ⁰¹.
309 1073 391 1116 Vos
405 1072 586 1116 afferetis
610 1071 662 1116 ad
687 1071 862 1133 nuptias
875 1071 987 1129 Agni
1004 1071 1223 1116 canticum
1243 1090 1424 1130 novum,

39 1142 160 1206 quod
184 1142 416 1187 cantabitis
435 1142 480 1185 in
500 1141 680 1185 citharis
703 1141 866 1185 vestris.
895 1141 994 1184 Non
1021 1141 1171 1202 utique
1196 1142 1278 1187 tale
1298 1143 1428 1206 quale

40 1224 185 1258 cantat
203 1213 400 1258 universa
427 1222 554 1264 terra,
579 1209 652 1254 cui
672 1209 833 1253 dieitur
857 1226 867 1252 :
891 1211 1101 1254 «Cant-ate
1116 1212 1304 1257 Domino
1318 1229 1427 1258 can-

41 1303 63 1324 ))
87 1283 222 1327 ticum
243 1297 404 1326 novum
427 1315 438 1332 ‚
466 1289 636 1324 cantate
657 1279 863 1332 Domino,
890 1278 1088 1324 universa
1115 1281 1256 1327 ten-213
1278 1300 1288 1327 ε
1313 1305 1334 1324 »
1355 1284 1430 1329 sed

43 1350 125 1396 tale
150 1350 276 1413 quale
301 1365 427 1394 nemo
447 1348 610 1410 poterit
636 1347 779 1392 dicere
795 1348 876 1392 nisi
896 1364 985 1393 vos,
1017 1348 1090 1393 Sic
1101 1350 1217 1396 enim
1230 1368 1306 1397 vos
1319 1353 1432 1399 vidit

42 1421 87 1467 in
102 1419 373 1483 Apocalypsi
384 1418 562 1481 quidam
582 1435 676 1480 prae
694 1418 863 1463 caeteris
884 1417 1068 1463 dilectus
1082 1420 1138 1464 ab
1157 1423 1279 1480 Agno
1292 1422 1330 1479 Δ,
1351 1424 1430 1486 qui

44 1491 316 1536 discumbere
340 1505 469 1550 super
494 1499 648 1550 pectus
673 1492 764 1546 ejus
793 1487 944 1532 solitus
969 1499 1082 1544 erat,
1110 1501 1153 1535 et
1178 1491 1364 1539 bibebat
1387 1504 1430 1539 et

44 1560 302 1605 eructuabat
320 1558 537 1603 mirabilia
567 1575 697 1620 super
731 1557 924 1602 cocles-tia
953 1558 1148 1603 Verbum
1188 1562 1282 1608 Dei.
1331 1564 1434 1626 Ipse

44 1647 120 1676 vos
146 1630 258 1676 vidit.
281 1628 512 1673 duodecies
536 1627 738 1672 duodena
766 1627 901 1671 millia
937 1639 1188 1674 sanctorum
1221 1632 1431 1680 citharoe-

45 1699 203 1745 dorum
225 1698 404 1743 illibatae
418 1697 676 1756 virginitatis
700 1697 746 1741 in
766 1713 949 1759 corpore
965 1734 976 1753 ,
1000 1698 1220 1745 inviolatae
1241 1704 1433 1750 veritatis

46 1770 91 1814 in
115 1768 243 1814 eorde
270 1786 279 1812 ε
318 1779 359 1812 et
383 1767 487 1830 quia
516 1766 747 1829 sequimini
786 1768 958 1825 Agnum
985 1784 1264 1833 quocumque
1299 1773 1396 1820 ierit
1415 1813 1427 1831 ‚

0 1853 1 1898 1
48 1838 224 1901 scripsit
248 1837 320 1883 ille
337 1837 390 1882 de
411 1837 551 1882 vobis.
573 1837 674 1891 Quo
693 1836 754 1880 ire
772 1847 977 1899 putamus
1000 1837 1122 1883 hune
1142 1842 1332 1899 signum,
1346 1861 1433 1908 quo

47 1924 172 1953 nemo
193 1925 290 1953 eum
319 1907 439 1970 sequi
458 1906 525 1950 vel
551 1905 709 1950 audeat
731 1905 799 1951 vel
820 1905 962 1950 valeat
988 1907 1068 1952 nisi
1089 1925 1164 1954 vos
1181 1914 1199 1955 ἱ)
1223 1912 1322 1968 Quo
1341 1931 1435 1976 pu..

45 1988 190 2023 tamus
209 1994 307 2022 eum
327 1977 422 2021 ire?
454 1976 500 2021 in
518 1992 626 2038 quos
650 1976 783 2020 saltus
802 1986 845 2020 et
868 1980 1029 2038 prata?
1066 1979 1152 2024 [Jbi
1178 1982 1309 2029 credo
1333 1997 1433 2031 sunt

49 2048 242 2107 gramina
269 2046 425 2106 gaudia
443 2083 454 2099 ,
483 2063 572 2090 non
599 2046 756 2105 gaudia
776 2046 924 2091 saeculi
942 2047 1076 2106 hujus
1100 2067 1232 2107 vana,
1253 2053 1434 2102 insaniae

49 2116 276 2161 mendaces
295 2153 305 2171 ‚
339 2132 417 2160 nee
450 2114 608 2174 gaudia
636 2115 781 2178 qualia
810 2116 857 2160 in
886 2116 981 2178 ipso
1005 2134 1136 2177 regno
1167 2122 1246 2167 Dei
1268 2126 1438 2171 caeteris

50 2204 138 2232 11011
162 2186 405 2246 virginibus
428 2196 556 2230 erunt
575 2222 585 2240 ‚
610 2186 686 2231 sed
705 2204 727 2231 a
748 2196 1004 2232 eaeterorum
1031 2191 1226 2237 omnium
1246 2195 1430 2253 gaudio-

54 2274 147 2302 rum
159 2267 270 2302 sorte
281 2256 500 2302 distincta.
511 2254 730 2300 Gaudium
744 2256 960 2316 virginum
974 2257 1156 2316 Christi,
1171 2261 1224 2306 de
1236 2263 1433 2321 Christo,

51 2328 97 2373 in
123 2325 319 2382 Christo,
342 2344 443 2372 cum
463 2325 641 2370 Christo
657 2363 668 2381 ,
690 2337 790 2389 post
810 2327 1034 2373 Christum
1052 2366 1063 2385 ,
1084 2348 1163 2393 per
1183 2333 1428 2391 Christum,

52 2408 233 2460 propter
253 2396 494 2442 Christum.
518 2395 690 2441 Gaudia
712 2397 892 2460 propria
905 2398 1121 2457 virginum
1139 2401 1327 2458 Christi,
1347 2421 1434 2449 non

53 2478 153 2512 sunt
168 2466 316 2512 eadem
333 2466 667 2525 nonvirginum,
686 2468 884 2530 quamvis
901 2468 1062 2514 Christi
1070 2506 1078 2515 .
1105 2471 1215 2516 Nam
1224 2483 1324 2518 sunt
1342 2473 1435 2519 aliis

58 2536 137 2584 alia
150 2574 162 2594 ‚
185 2536 258 2582 sed
276 2535 406 2584 nullis
427 2537 541 2583 talia.
566 2538 628 2583 lte
645 2536 691 2582 in
707 2537 806 2583 haee
819 2574 831 2594 ‚
852 2538 1082 2601 sequimini
1104 2542 1277 2600 Agnum
1292 2579 1303 2599 ,
1332 2543 1434 2607 quia

107 2621 115 2642 ¹
137 2622 233 2652 Joan.
254 2630 323 2657 xxv,
347 2631 378 2651 2.
391 2637 436 2643 -
452 2618 468 2641 ²
481 2623 558 2652 Luc.
575 2630 635 2659 xu,
654 2621 708 2651 35.
725 2637 770 2643 -—
785 2618 800 2643 3
815 2622 895 2652 Psal.
913 2631 986 2665 κενῇ
1003 2632 1030 2653 x.
1049 2636 1089 2646 -
1104 2619 1119 2644 4
1134 2625 1235 2667 Apoc,
1248 2635 1313 2665 xlv,
1328 2628 1361 2661 3,

188 2687 376 2719 CXXXIII.
1248 2692 1305 2725 20
