1758 3246
288 312 346 357 52
708 323 742 356 s.
784 322 1027 355 Auousrmi
1064 323 1265 354 EPISCOPI

288 390 455 445 scierit,
475 405 554 434 nec
576 389 630 434 ab
649 389 785 435 aliena
802 390 1067 453 possessione
1085 388 1324 443 recesserit,
1351 397 1455 433 tunc
1473 388 1600 433 malae
1613 389 1664 433 fi-

289 460 358 505 dei
376 459 654 522 perhibetur,
679 470 784 504 tunc
799 464 914 519 juste
939 460 1124 517 injustus
1150 468 1344 503 vocatur.
1384 458 1508 503 Absit
1531 474 1631 516 ergo
1648 495 1658 513 ,

288 539 337 575 ut
365 545 489 574 sensu
507 528 639 592 plane
663 546 751 574 non
778 530 976 575 humano
993 565 1004 583 ,
1032 528 1104 573 sed
1129 527 1258 590 plane
1277 544 1388 573 vano
1413 529 1474 573 sic
1512 527 1664 573 dolea-

287 616 384 644 mus
409 616 512 645 cum
549 599 712 658 flagitia
742 599 1041 658 corriguntur,
1071 608 1279 660 tanquam
1311 597 1532 642 connubia
1554 597 1666 641 diri-

289 680 490 715 mantur:
513 669 696 714 maxime
721 670 765 714 in
803 669 977 715 civitate
1001 668 1082 714 Dei
1098 668 1253 721 nostri,
1276 667 1322 711 in
1345 678 1493 712 monte
1517 676 1666 712 sancto

299 738 437 799 ers1,
460 739 549 784 hoc
570 749 632 784 est
648 776 659 795 ,
681 739 728 784 in
762 739 956 784 Ecclesia
972 775 982 794 ,
1021 738 1098 783 ubi
1130 736 1386 799 nuptiarum
1413 754 1502 782 non
1529 735 1667 781 solum

287 808 515 854 vinculum
531 845 541 864 ,
564 825 718 854 verum
744 809 873 854 etiam
891 818 1210 854 sacramentum
1226 807 1288 852 ita
1313 805 1665 861 commendatur,

287 889 335 923 ut
360 895 448 923 non
467 878 595 922 liceat
618 878 712 923 viro
739 895 915 924 uxorein
947 895 1066 924 suam
1105 877 1226 922 alteri
1251 876 1443 921 tradere:
1477 875 1598 939 quod
1627 875 1671 920 in

289 941 518 1004 republica
543 951 649 986 tunc
666 942 867 987 Romana
882 979 893 997 ,
916 960 1004 988 11011
1019 941 1160 987 solum
1173 941 1352 986 minime
1373 939 1670 1002 culpabiliter,-

287 1029 441 1058 verum
466 1011 595 1057 etiam
623 1010 906 1055 laudabiliter
928 1010 1039 1055 Cato
1060 1011 1208 1057 fecisse
1227 1011 1488 1074 perhibetur
1508 1010 1540 1056 2.
1579 1011 1676 1055 Ne-

287 1099 372 1146 que
399 1083 508 1128 hinc
543 1080 708 1126 diutius
739 1080 872 1125 modo
905 1080 1130 1143 disputare
1169 1095 1279 1141 opus
1304 1091 1364 1124 est
1380 1119 1391 1134 ,
1417 1097 1520 1126 cum
1545 1090 1588 1126 et
1611 1080 1677 1126 1111

287 1153 451 1216 quibus
469 1150 713 1214 respondeo
725 1167 814 1196 non
832 1149 1022 1195 audeant
1042 1149 1272 1203 affirmare,
1294 1148 1466 1193 nullum
1486 1149 1575 1194 hoc
1591 1165 1681 1194 esse

286 1240 369 1287 pec
380 1233 545 1278 catum,
565 1238 705 1285 neque
724 1232 881 1281 negent
899 1238 986 1266 esse
1009 1220 1292 1275 adulterium,
1314 1237 1368 1264 ne
1380 1220 1465 1282 ipsi
1485 1220 1682 1264 Domino·

291 1304 527 1357 sanctoque
553 1291 787 1352 Evangelio
828 1302 973 1355 aperte
994 1291 1313 1337 convincantur
1338 1290 1557 1336 obsistere.
1594 1289 1680 1335 Sed

293 1380 397 1409 cum
421 1364 479 1409 eis
512 1363 657 1425 placet
680 1362 876 1424 primum
907 1361 1199 1407 admittendos
1223 1377 1308 1406 esse
1329 1360 1432 1405 tales
1458 1359 1511 1405 ad
1529 1361 1684 1423 perci*-

293 1432 508 1498 piendum
527 1432 736 1494 baptismi
753 1442 1073 1477 sacramentum
1094 1442 1135 1477 et
1155 1430 1210 1476 ad
1237 1430 1514 1476 Dominicam
1552 1447 1686 1476 men-

296 1520 387 1549 sam
400 1540 411 1559 ,
438 1502 605 1548 etiamsi
625 1501 942 1547 correctionem
962 1519 1068 1547 voce
1090 1500 1436 1546 manifestissima
1449 1517 1685 1546 recusave-

297 1575 411 1620 rint:
439 1574 528 1619 imo
570 1589 672 1618 vero
695 1570 809 1616 nihil
841 1588 911 1615 eos
953 1571 1008 1616 de
1049 1572 1133 1616 hac
1163 1587 1207 1615 re
1243 1587 1421 1632 prorsus
1460 1570 1684 1616 admoneri

301 1654 502 1707 oportere
518 1681 529 1700 ,
548 1642 620 1688 sed
630 1652 781 1705 postea
802 1640 951 1687 doceri
970 1660 981 1695 ;
1000 1651 1048 1686 ut
1069 1641 1102 1686 si
1115 1640 1329 1703 praecepti
1340 1640 1692 1686 observationem.
1757 1663 1758 1667 ¹

304 1714 548 1778 receperint
564 1749 574 1769 ,
598 1712 866 1775 culpamque
881 1711 1160 1766 correxerint,
1184 1710 1431 1755 habeantur
1447 1710 1492 1755 in
1511 1710 1657 1755 tritico
1673 1729 1693 1761 ς.

307 1787 341 1831 si
363 1795 506 1830 autem
546 1781 912 1844 contempserint,
941 1781 1052 1826 inter
1085 1781 1245 1826 zizania
1286 1780 1548 1825 tolerentur:
1591 1780 1700 1826 satis
1757 1806 1758 1812 =

307 1855 541 1903 ostendunt
581 1871 671 1900 non
700 1870 742 1898 se
771 1851 955 1897 crimina
980 1853 1059 1898 ista
1084 1850 1338 1906 defendere,
1370 1861 1444 1896 aut
1476 1851 1598 1914 quasi
1626 1850 1700 1896 le--
1757 1855 1758 1861 ’

310 1928 381 1973 via
403 1926 472 1971 vel
496 1925 617 1970 nulla
633 1924 719 1968 sint
738 1940 873 1982 agere.
903 1922 1012 1978 Quis
1031 1922 1147 1967 enim
1170 1920 1433 1967 adulterium
1453 1920 1584 1965 bonae
1603 1919 1695 1983 spei

314 1995 590 2042 Christianus
608 1992 781 2037 nullum
805 2007 877 2034 seu
902 2006 1089 2052 parvum
1114 1990 1276 2034 crimen
1298 1989 1532 2035 existimet?

380 2067 460 2112 XI.
494 2062 709 2109 Ordinem
735 2072 879 2105 tamen
895 2096 906 2116 ,
931 2076 1018 2122 quo
1038 2059 1137 2105 haec
1153 2059 1198 2104 in
1221 2059 1311 2103 aliis
1335 2059 1402 2105 vel
1422 2060 1707 2118 corrigantur·

320 2138 389 2184 1·οΙ
412 2136 624 2189 ferantur,
651 2133 705 2177 de
743 2130 984 2193 Scripturis
1015 2129 1171 2174 sanctis
1193 2146 1235 2173 se
1260 2128 1454 2191 proferre
1479 2129 1707 2174 arbitran-

322 2219 411 2264 tur,
435 2223 536 2253 cum
559 2203 713 2249 dicunt
733 2199 962 2263 Apostolos
979 2199 1039 2244 sic
1058 2199 1210 2258 egisse:
1247 2207 1288 2242 et
1307 2197 1361 2242 de
1380 2197 1530 2243 litteris
1548 2213 1700 2243 eorum

325 2277 529 2342 quaedam
546 2272 790 2319 testimonia
809 2269 1064 2334 proferunt,
1093 2269 1169 2314 ubi
1189 2268 1466 2330 reperiuntur
1487 2268 1612 2332 prius
1627 2267 1711 2313 111--

325 2350 512 2394 sinuasse
555 2342 803 2389 doctrinam
830 2340 958 2396 fidei,
995 2356 1044 2385 30
1084 2337 1239 2384 deinde
1263 2354 1435 2383 morum
1477 2337 1713 2383 tradidisse:

327 2426 563 2483 praecepta.
590 2415 731 2476 Atque
748 2411 856 2456 hinc
870 2410 1053 2468 intelligi
1073 2409 1228 2455 volunt
1245 2445 1256 2463 ,
1277 2407 1379 2453 fidei
1399 2406 1712 2453 tantummodo·⁴

329 2488 522 2549 regulam
539 2480 816 2546 baptizandis
855 2497 942 2525 esse
965 2477 1272 2524 insinuandam
1288 2513 1299 2532 ‚
1326 2487 1474 2540 postea
1496 2494 1598 2524 vero
1612 2481 1710 2537 jam

328 2555 559 2622 baptizatis
576 2553 704 2599 etiam
739 2551 840 2598 vitae
877 2551 922 2595 in
946 2549 1097 2594 melius
1122 2545 1346 2594 mutandae
1366 2558 1589 2611 praecepta
1607 2557 1706 2592 tra-

375 2639 385 2662 ²
402 2639 480 2671 Psat.
494 2648 596 2675 xnux,
613 2648 645 2668 ¹2.
663 2652 708 2658 -
722 2632 738 2657 ²
755 2632 918 2666 Plutarch.
934 2632 967 2664 in
981 2633 1102 2673 Catone
1122 2631 1255 2663 minore.
