1758 3246
322 293 411 348 134
737 311 771 341 S.
813 310 1056 343 Aur-‚Usum
1090 313 1292 344 EPISCOPI

317 383 365 416 ut
386 372 589 418 Trinitati
620 374 951 435 subjungeretur
981 377 1186 429 Ecclesia,
1221 388 1422 441 tanquam
1445 378 1682 426 habitatori
1734 407 1737 418 ·=

316 441 472 487 domus
490 460 589 499 sua,
626 455 668 489 et
693 446 781 490 Deo
809 447 1019 509 templum
1044 464 1169 492 suum
1189 485 1199 503 ,
1232 459 1272 493 et
1297 448 1511 495 conditori
1534 450 1684 496 civitas

319 528 407 558 sua.
438 512 550 568 Quae
562 524 653 559 tota
668 514 744 560 hic
757 516 1007 578 accipienda
1031 526 1109 572 est,
1129 534 1215 562 non
1236 517 1373 563 solum
1389 536 1435 563 ex
1451 530 1573 582 parte
1599 537 1685 583 qua
1726 523 1732 537 ¹

315 583 617 644 peregrinatur
655 585 701 629 in
739 585 878 635 terris,
917 604 939 630 3
978 584 1077 630 solis
1109 597 1206 631 ortu
1238 604 1372 650 usque
1406 589 1459 634 ad
1486 605 1685 634 occasum
1729 643 1735 656 Ρ

314 652 495 698 laudans
514 670 672 698 nomen
705 654 931 709 Domini1,
958 666 998 700 et
1024 666 1123 718 post
1153 657 1447 719 captivitatem
1467 659 1687 704 vetustatis
1731 657 1734 664 '

315 734 492 769 cantans
526 724 744 768 canticum
782 741 942 770 novum
969 743 979 770 :
1006 726 1287 771 verumetiam
1316 743 1362 771 ex
1396 727 1470 772 illa
1510 745 1609 790 quae
1644 728 1689 772 in
1731 744 1737 773 1

314 792 436 840 coelis
453 810 636 855 semper,
667 811 715 839 ex
743 811 830 857 quo
868 796 1043 841 condita
1064 806 1142 849 est,
1167 796 1353 842 cohaesit
1378 798 1488 850 Deo,
1523 814 1602 842 nec
1626 796 1690 842 ul·
1732 823 1743 848 ς,

313 862 406 908 111111
427 862 589 908 malum
607 864 671 908 sui
689 881 810 909 casus
827 877 1004 928 experta
1031 876 1104 911 est.
1139 866 1247 911 Haec
1273 867 1317 910 in
1334 866 1493 911 sanctis
1518 865 1690 926 Angelis
1734 917 1739 930 ε

312 931 440 979 beata
472 933 677 995 persistit,
716 945 757 980 et
789 951 878 980 suae
912 936 1027 998 parti
1051 936 1342 998 peregrinanti
1372 936 1482 982 sicut
1521 946 1692 999 oportet
1734 939 1739 966 ἕ

314 1002 556 1066 opitulatur
586 1021 596 1047 τ
629 1004 732 1066 quia
752 1015 935 1068 utraque
960 1023 1045 1051 una
1070 1006 1150 1050 erit
1172 1006 1388 1051 consortio
1422 1005 1689 1061 aeternitatiS,
1737 1043 1740 1059 ,

315 1083 359 1119 et
381 1089 499 1117 nunc
527 1089 611 1118 una
632 1084 693 1119 est
712 1074 889 1120 vinculo
919 1076 1160 1131 charitatis,
1183 1093 1283 1139 quae
1302 1086 1393 1121 tota
1411 1076 1608 1121 instituta
1633 1085 1695 1120 est
1737 1082 1743 1093 “

318 1142 373 1188 ad
393 1142 625 1188 colendum
644 1160 781 1189 unum
804 1146 957 1191 Deum.
989 1145 1114 1191 [nde
1139 1163 1217 1191 nec
1242 1156 1331 1190 tota
1347 1183 1358 1201 ‚
1380 1163 1460 1191 nec
1485 1145 1573 1190 ulla
1596 1162 1696 1208 pars
1738 1146 1743 1178 3

318 1218 409 1274 ejus
428 1212 521 1258 vult
552 1230 594 1257 se
621 1214 705 1258 coli
729 1232 810 1276 pro
831 1216 945 1271 Deo,
984 1233 1064 1261 nec
1084 1217 1291 1278 cuiquam
1310 1233 1396 1261 esse
1424 1217 1538 1262 Deus
1556 1217 1697 1278 perti-

321 1283 440 1330 nenti
461 1281 515 1327 ad
538 1282 752 1345 templum
775 1284 872 1338 Dei,
903 1284 1021 1347 quod
1043 1285 1285 1330 aedificatur
1303 1302 1349 1329 ex
1373 1284 1454 1329 diis
1477 1301 1585 1347 quos
1596 1284 1702 1329 facit
1741 1312 1745 1321 ›

320 1371 411 1400 non
434 1352 574 1398 factus
598 1353 727 1399 Deus.
760 1355 823 1399 Ac
840 1371 919 1417 per
943 1354 1030 1400 hoc
1055 1355 1243 1418 Spiritus
1260 1364 1433 1400 sanctus
1451 1354 1485 1399 si
1503 1363 1700 1399 creatura
1756 1350 1758 1362 ¹

319 1441 410 1472 non
434 1433 602 1469 creator
619 1434 740 1478 esset,
767 1423 964 1486 profecto
991 1436 1187 1470 creatura
1210 1424 1428 1470 rationalis
1447 1435 1580 1478 esset;
1605 1423 1701 1487 ipsa
1756 1428 1758 1433 ⁴

324 1498 386 1541 est
405 1492 520 1538 enim
543 1509 711 1538 summa
742 1504 949 1540 creatura.
994 1496 1050 1539 Et
1081 1495 1178 1540 ideo
1204 1495 1249 1540 in
1270 1494 1467 1554 Regula²
1491 1494 1594 1540 fidei
1613 1510 1701 1539 non
1755 1518 1758 1542 ε

324 1572 562 1629 poneretur
598 1572 695 1607 ante
733 1563 1001 1619 Ecclesiam,
1035 1565 1138 1628 quia
1170 1575 1211 1609 et
1254 1564 1346 1626 ipse
1377 1563 1431 1608 ad
1463 1563 1701 1609 Ecclesiam
1751 1563 1758 1605 ’1

325 1633 561 1700 pertineret
577 1632 623 1677 in
646 1632 721 1678 illa
743 1636 833 1692 ejus
853 1644 977 1711 parte
995 1651 1096 1697 quae
1117 1634 1163 1680 in
1175 1633 1296 1680 coelis
1314 1643 1387 1679 est.
1412 1634 1502 1678 Nec
1523 1632 1705 1677 haberet

327 1703 571 1768 templum,
601 1702 673 1748 sed
701 1703 828 1748 etiam
852 1704 943 1767 ipse
974 1705 1185 1768 templum
1213 1713 1330 1749 esset.
1372 1702 1605 1781 Templum
1631 1719 1704 1747 au·
1756 1746 1758 1764 Ξ

329 1788 417 1823 tem
442 1773 594 1825 habet,
621 1772 675 1818 de
700 1790 788 1837 quo
811 1773 920 1820 dicit
945 1774 1210 1837 Apostolus:
1239 1795 1259 1814 «
1282 1773 1464 1819 Nescitis
1469 1772 1586 1849 quia
1604 1788 1705 1817 cor-
1756 1786 1758 1801 ¹

330 1868 353 1890 ³)
376 1861 485 1910 pora
512 1853 651 1889 vestra
680 1843 895 1906 templum
924 1855 986 1889 est
1016 1844 1203 1907 Spiritus
1223 1843 1378 1891 sancti
1404 1842 1480 1905 qui
1512 1841 1557 1886 in
1583 1841 1707 1885 vobis

330 1938 353 1959 ³>
380 1925 458 1969 est,
484 1930 614 1975 quem
637 1913 809 1959 habetis
828 1932 850 1959 a
867 1914 1051 1960 Deo-⁹³3,
1043 1937 1061 1955 η
1088 1915 1152 1959 De
1172 1913 1334 1977 quibus
1356 1895 1438 1957 3110
1455 1911 1552 1956 loco
1570 1910 1702 1955 dicit:
1751 1865 1758 1967 l

332 2009 354 2030 a
378 1983 562 2032 Nescitis
591 1983 693 2046 quia
718 2000 903 2047 corpora
927 1997 1066 2030 vestra
1088 1985 1283 2030 membra
1307 1993 1406 2028 sunt
1433 1982 1596 2027 Christi
1611 1980 1666 2026 4?
1687 2001 1708 2022 ›>
1752 1974 1758 2078 ξ

336 2053 570 2115 Quomodo
594 2070 693 2113 ergo
727 2055 843 2099 Deus
867 2072 956 2100 non
981 2067 1059 2111 est,
1097 2056 1173 2119 qui
1207 2053 1419 2117 templum
1443 2052 1612 2097 habet?
1637 2061 1710 2096 aut

333 2127 478 2173 minor
502 2123 678 2169 Christo
706 2135 792 2179 est,
820 2129 944 2184 cujus
971 2126 1165 2171 membra
1185 2123 1398 2186 templum
1425 2122 1594 2166 habet?
1628 2121 1710 2165 Ne-

336 2213 421 2261 que
445 2195 561 2240 enim
585 2193 702 2238 aliud
732 2194 942 2257 templum
976 2199 1068 2255 ejus
1088 2233 1097 2249 ‚
1129 2194 1246 2241 aliud
1278 2192 1489 2255 templum
1522 2191 1597 2235 Dei
1627 2200 1706 2241 est,
1756 2227 1758 2258 ε

336 2264 573 2312 cumidem
595 2263 714 2308 dicat
737 2264 962 2327 Apostolus
985 2282 995 2309 :
1025 2287 1045 2306 «
1071 2265 1252 2310 ‘Nescitis
1271 2263 1373 2327 quia
1389 2261 1602 2323 templum
1637 2260 1711 2304 Dei
1757 2322 1758 2325 Ἴ

337 2357 359 2378 >>
386 2333 528 2389 estis5,
550 2354 570 2374 υ
596 2332 727 2389 Quod
748 2344 796 2378 ut
819 2335 1049 2397 probaret.
1081 2335 1238 2394 adjecit
1263 2351 1274 2378 t
1305 2354 1325 2373 «
1345 2332 1400 2376 Et
1424 2331 1612 2393 Spiritus
1633 2329 1711 2374 Dei
1757 2351 1758 2355 ¹

337 2427 360 2448 >³
383 2404 557 2450 habitat
589 2404 634 2448 in
665 2403 801 2449 vobis.
830 2424 851 2444 »
878 2405 991 2449 Deus
1017 2422 1117 2464 ergo
1146 2404 1317 2448 habitat
1342 2402 1387 2446 in
1417 2399 1581 2462 templo
1614 2415 1708 2452 suo,

336 2491 426 2519 non
454 2472 596 2518 solum
627 2472 813 2536 Spiritus
844 2484 1042 2529 sanctus,
1081 2473 1154 2518 sed
1177 2473 1306 2518 etiam
1346 2471 1474 2514 Pater
1495 2479 1537 2513 et
1560 2467 1708 2522 Filius,

388 2563 399 2583 ¹
421 2561 502 2594 Psal.
522 2572 600 2596 cxxx,
620 2563 651 2595 3.
667 2560 789 2593 —2Id
810 2567 866 2598 est,
888 2561 920 2592 in
938 2561 1150 2604 Symbola—
1169 2558 1184 2583 3
1208 2572 1218 2590 1
1237 2561 1311 2591 Cor.
1329 2570 1371 2591 w.
1391 2569 1446 2599 29.
1468 2573 1512 2580 —
1527 2552 1636 2588 ⁴1bid.
1660 2557 1711 2588 15.

339 2631 380 2638 -
399 2613 412 2635 5
433 2615 478 2644 ld.
499 2626 547 2652 111,
571 2616 621 2646 16.
