1758 3246
308 321 337 365 6
728 338 761 367 s.
806 337 1045 367 ,inausum
1081 335 1282 366 Erlscorl

308 400 513 454 verimUS,
541 401 671 446 etiam
692 412 798 448 tune
824 419 973 448 eorum
1000 417 1097 460 erga
1122 417 1199 445 nos
1218 400 1560 447 benevolentiam
1589 417 1679 446 cre-

309 470 451 515 dimus
475 471 635 532 potius.
661 488 791 534 quam
812 472 1007 518 videmus
1033 489 1043 515 :
1071 471 1151 515 nisi
1182 471 1283 534 quia
1316 481 1433 516 tanta
1458 471 1564 517 sides
1590 481 1674 526 est,

307 550 355 584 ut
383 557 470 584 non
492 540 823 600 incongruenter
845 540 1110 606 quibusdam
1136 540 1272 586 oculis
1297 544 1388 600 ejus
1409 558 1487 586 nos
1510 540 1679 600 Judice-

308 626 402 654 mus
426 609 570 655 videre
595 611 713 673 quod
748 612 963 658 credimus
989 630 998 656 ε
1034 628 1133 656 cum
1156 621 1387 674 propterea
1412 611 1583 656 credere
1609 610 1680 656 de-

306 680 502 736 beamus,
530 682 633 743 quia
658 682 802 728 videre
819 701 906 728 non
926 699 1168 746 possumus.

374 751 447 797 IV.
492 750 537 795 Si
561 751 776 797 auferatur
806 752 903 798 haec
939 751 1044 797 fides
1076 751 1129 796 de
1165 751 1293 796 rebus
1316 751 1545 807 humanis,
1584 750 1681 814 quis

308 837 396 865 non
431 820 624 866 attendat
661 833 822 884 quanta
845 839 992 867 earum
1018 820 1311 884 perturbatio,
1340 831 1381 866 et
1406 837 1534 884 quam
1571 820 1681 866 hor-

308 889 442 935 renda
463 890 660 936 confusio
689 891 1002 954 subsequatur?
1028 891 1136 947 Quis
1159 891 1273 935 enim
1299 901 1449 935 mutua
1472 890 1683 935 charitate

310 960 514 1020 diligetur
541 961 595 1006 ab
621 962 791 1025 aliquo,
825 979 924 1007 cum
957 962 1010 1005 sit
1044 961 1272 1005 invisibilis
1305 963 1396 1023 ipsa
1426 961 1617 1016 dilectio,
1649 961 1683 1005 si

309 1030 428 1095 quo-d
451 1048 539 1076 non
554 1031 682 1077 video
697 1069 707 1087 ,
730 1031 902 1077 eredere
925 1048 1012 1076 non
1037 1030 1202 1075 debeo?
1225 1030 1335 1075 Tota
1355 1031 1501 1093 itaque
1523 1031 1686 1093 peribit

311 1101 521 1156 amicitia,
544 1102 646 1163 quia
671 1119 757 1147 non
782 1102 863 1147 nisi
886 1112 1039 1147 mutuo
1063 1118 1207 1146 amore
1221 1111 1404 1147 constat.
1431 1100 1553 1160 Quid
1569 1101 1685 1146 enim

312 1176 400 1231 ejus
436 1172 595 1234 poterit
629 1172 685 1217 ab
719 1173 862 1235 aliquo
896 1173 1103 1235 recipere,
1137 1172 1171 1217 si
1203 1170 1315 1216 nihil
1351 1176 1441 1231 ejus
1470 1171 1685 1216 creditum

312 1241 443 1286 fuerit
470 1242 689 1287 exhiberi?
723 1243 858 1288 Porro
891 1242 1077 1288 amicitia
1106 1252 1332 1305 pereunte,
1355 1258 1493 1304 neque
1512 1257 1686 1286 connu-

313 1312 487 1356 biorum
528 1328 668 1373 neque
713 1314 1021 1372 cognationum
1060 1323 1101 1357 et
1136 1312 1391 1357 affinitatum
1436 1311 1609 1357 vincula
1643 1310 1688 1356 in

317 1382 458 1427 animo
488 1382 798 1437 servabuntur3
824 1385 926 1447 quia
942 1395 983 1428 et
1006 1384 1049 1428 in
1079 1383 1148 1427 his
1177 1383 1326 1446 utique
1349 1382 1485 1427 amica
1504 1398 1689 1427 consen—

316 1452 376 1496 sio
399 1461 475 1497 est.
508 1451 607 1496 Non
635 1469 734 1512 ergo
759 1457 985 1513 conjugem
1020 1457 1175 1511 conjux
1198 1452 1385 1497 vicissim
1413 1451 1588 1511 diligere
1610 1468 1690 1514 po-

319 1521 440 1576 terit,
484 1522 662 1584 quando
702 1540 744 1567 se
785 1523 931 1582 diligi,
967 1523 1066 1585 quia
1107 1522 1247 1584 ipsam
1287 1521 1561 1566 dilectionem
1602 1537 1691 1565 non

316 1601 458 1655 potest
470 1591 632 1647 videre,
654 1609 741 1637 non
760 1593 911 1638 credit.
942 1593 1030 1636 Nec
1050 1591 1158 1637 filios
1182 1591 1345 1636 habere
1361 1590 1687 1646 desiderabunt,

316 1678 426 1726 quos
461 1660 649 1707 vicissim
685 1661 765 1707 sibi
793 1662 1037 1708 reddituros
1072 1679 1157 1706 esse
1184 1678 1271 1706 non
1303 1660 1502 1706 credunt.
1537 1660 1626 1716 Qui
1659 1660 1693 1705 si

319 1742 550 1778 nascantur
586 1743 628 1776 et
662 1744 885 1789 crescant,
915 1731 1055 1777 multo
1081 1732 1227 1776 minus
1258 1731 1340 1793 ipsi
1376 1740 1574 1793 parentes
1597 1745 1694 1776 suos

320 1802 549 1859 amabunt,
585 1819 771 1866 quorum
795 1820 893 1863 erga
917 1820 958 1848 se
982 1819 1170 1847 amorem
1194 1801 1239 1846 in
1271 1817 1421 1845 eorum
1456 1800 1690 1856 cordibus,

318 1873 418 1939 quia
445 1883 507 1918 est
532 1873 779 1929 invisibilis,
805 1891 893 1919 non
911 1873 1153 1925 videbunt3
1178 1873 1209 1917 s}
1233 1889 1280 1916 ea
1305 1887 1405 1933 quae
1430 1887 1519 1916 non
1544 1870 1695 1915 viden-

320 1956 409 2001 tur,
434 1960 522 1988 non
547 1943 759 1988 laudabili
777 1943 879 1999 fide,
906 1943 977 1989 sed
1003 1941 1216 2006 culpabili
1240 1941 1479 1986 temeritate
1506 1939 1695 1985 credun·

321 2026 406 2061 tur.
445 2012 565 2069 Quid
591 2016 682 2072 jam
711 2013 764 2058 de
794 2014 959 2059 caeteris
984 2012 1373 2059 necessitudinibus
1408 2010 1579 2066 dicam,
1610 2008 1695 2054 fra-

322 2097 456 2139 trum,
488 2099 700 2139 sororum,
724 2100 977 2142 generorum
999 2094 1125 2146 atque
1152 2099 1415 2136 socerorum,
1436 2091 1478 2126 et
1499 2079 1696 2144 qualibet

325 2154 696 2215 consanguinitate
728 2165 769 2198 et
801 2154 1005 2200 affinitate
1027 2158 1309 2213 junctorum,
1339 2152 1372 2196 si
1407 2151 1596 2197 charitas
1631 2150 1696 2196 in-

326 2236 460 2282 eerta,
497 2224 781 2288 voluntasque
807 2235 1003 2288 suspecta
1030 2234 1121 2279 est,
1161 2233 1204 2267 et
1234 2222 1334 2267 filiis
1365 2231 1616 2284 parentum,
1654 2230 1697 2265 et

324 2295 579 2361 parentibus
599 2294 805 2348 filiorum,
831 2295 938 2340 dum
960 2292 1257 2340 benevolentia
1285 2308 1373 2336 non
1399 2290 1596 2336 redditur
1615 2289 1695 2335 de-

326 2368 442 2421 bita3
476 2366 576 2430 quia
603 2382 683 2410 nec
705 2365 855 2410 deberi
879 2375 1084 2427 putatur,
1111 2361 1286 2426 quando
1304 2361 1350 2406 in
1374 2361 1457 2406 alio
1489 2376 1588 2423 quae
1607 2377 1697 2405 non

326 2437 515 2493 videtur,
542 2453 628 2481 esse
646 2453 733 2482 non
761 2432 979 2480 creditur?
1018 2436 1152 2479 Porro
1185 2433 1218 2477 si
1249 2448 1336 2477 non
1354 2430 1589 2490 ingeniosa,
1622 2429 1695 2475 sed
1756 2443 1758 2486 j

328 2509 476 2554 odiosa
511 2518 573 2553 est
606 2507 686 2552 ista
716 2505 906 2561 cautela,
948 2505 1024 2550 ubi
1056 2521 1132 2549 nos
1170 2503 1301 2548 amari
1336 2518 1423 2546 non
1451 2499 1693 2556 credimus,
1756 2498 1758 2504 ’

331 2578 449 2642 quod
474 2594 661 2622 amorem
680 2577 916 2622 amantium
935 2593 1021 2620 non
1044 2574 1255 2628 videmus,
1279 2572 1505 2634 vicemque
1523 2587 1610 2615 non
1634 2587 1696 2615 re·
1756 2564 1758 2615 J

328 2648 584 2712 pendimus,
618 2647 778 2709 quibus
801 2664 894 2692 eam
922 2663 998 2691 nos
1022 2645 1179 2690 debere
1214 2653 1531 2689 mutuamnon
1560 2651 1697 2704 puta-
