1758 3246
364 309 418 338 DE
453 308 552 338 ΗΒΕ
588 308 640 337 Er
676 306 912 346 οΡΕΜΒυε,
953 307 1040 336 ΜΒ.
1083 308 1113 338 1.
1378 294 1436 354 73

20 406 22 421 1
69 377 126 421 eis
145 374 325 419 haberet
345 372 546 417 affectum
562 407 572 426 ,
594 387 680 433 quo
699 368 859 414 talibus
879 369 1005 414 bonis
1023 368 1111 413 sine
1128 370 1276 416 dolore
1295 387 1440 417 carere

20 432 22 448 ᾗ
69 461 156 490 11011
176 453 346 505 posset,
373 440 608 486 aedificaret
632 455 762 501 super
793 437 1127 483 fundamentum
1161 439 1269 484 illud
1293 440 1435 499 ligna,

17 549 21 559 .
67 512 233 558 foenum
250 547 260 564 ,
287 509 489 573 stipulam
511 526 522 554 ε
551 509 730 554 maxime
750 508 784 552 si
810 518 852 553 et
877 523 1051 553 uxorem
1069 507 1129 552 sic
1155 508 1360 563 haberet,
1389 521 1439 555 ut

65 582 190 627 ‹t‘2am
215 590 395 643 propter
413 579 552 641 ipsam
575 579 783 637 cogitaret
805 594 853 622 ea
878 594 978 639 quae
1001 587 1102 622 sunt
1118 577 1295 633 mundi,
1321 595 1437 640 quo—

63 650 193 696 modo
212 650 404 712 placeret
431 648 565 694 uxori.
594 649 702 693 Haec
725 647 857 705 igitur
874 647 1082 710 quoniam
1102 646 1257 691 affectu
1281 646 1438 691 dilecta

14 721 17 774 ξ
64 719 226 766 czruali
249 735 338 764 non
360 718 448 764 sine
476 717 623 763 dolore
649 717 908 762 amittuntur
924 753 935 771 ,
964 726 1195 778 propterea
1211 715 1288 777 qui
1310 732 1356 760 ea
1378 715 1438 759 sic

12 791 15 831 f
63 789 254 845 habent,
281 799 329 833 ut
347 788 540 833 habeant
568 786 614 831 in
632 785 918 831 fundamento
947 785 1078 830 fidem
1096 821 1107 840 ,
1139 801 1238 846 quae
1263 801 1341 847 per
1366 783 1438 828 di-

63 857 289 903 lectionem
306 866 527 919 operatur,
552 872 689 918 neque
710 855 815 899 huic
834 855 913 899 ista
936 854 1023 899 ulla
1038 854 1203 899 ratione
1223 853 1293 900 vel
1314 854 1438 916 cupi-
1470 870 1472 874 ’

63 926 195 971 ditate
214 935 502 988 praeponant,
525 925 570 969 in
587 941 735 969 eorum
754 924 977 969 amissione
996 924 1111 986 passi
1128 923 1438 968 detrimentum

61 1011 140 1058 per
155 995 297 1053 ignem
312 994 547 1056 quemdam
561 993 721 1038 doloris
738 1009 844 1055 perv
847 993 998 1037 eniunt
1017 992 1071 1037 ad
1089 992 1284 1038 salutem.
1303 993 1336 1036 A
1351 1007 1438 1053 quo

62 1063 209 1108 dolore
247 1072 375 1125 atque
417 1062 676 1107 detrimento
722 1071 842 1105 tanto
881 1072 944 1106 est
986 1061 1171 1124 quisque
1218 1061 1405 1106 securior
1423 1096 1435 1116 ,

61 1142 224 1195 quanto
244 1148 293 1176 ea
308 1131 375 1177 101
401 1131 542 1175 111111115
570 1130 803 1186 amaverit,
832 1131 898 1176 101
924 1141 1131 1192 tanquam
1157 1148 1245 1176 non
1271 1131 1438 1176 habens

60 1201 278 1246 habuerit.
299 1200 397 1255 “Qui
422 1217 521 1245 vero
557 1210 739 1262 propter
761 1167 834 1244 ilia
862 1199 931 1245 101
960 1199 1144 1244 tenenda
1168 1200 1237 1245 vel
1269 1200 1438 1261 adipis-

61 1269 197 1315 cenda
212 1306 223 1325 ‚
251 1269 540 1315 homicidium
563 1306 573 1325 ,
598 1269 881 1322 adulterium,
910 1268 1240 1314 fornicationem
1259 1306 1269 1325 ,
1291 1269 1437 1314 idolo-

60 1339 228 1385 latriam
245 1376 257 1396 ,
280 1350 320 1385 et
344 1339 499 1385 similia
515 1356 702 1402 quaeque
720 1339 1008 1394 commiserit,
1025 1356 1114 1383 11011
1130 1349 1311 1402 propter
1329 1338 1438 1384 fun-

59 1408 314 1455 damentum
335 1410 569 1472 perignem
592 1409 847 1465 salvabitur,
867 1408 941 1454 scd
959 1409 1112 1454 amisso
1132 1409 1433 1465 fundamento,

59 1488 219 1523 aeterno
235 1479 332 1538 igne
355 1478 647 1541 torquebitur.

123 1548 332 1594 XXVIII.
377 1549 673 1603 Quamobrem
705 1558 747 1592 et
774 1548 886 1593 illud
926 1548 1046 1610 quod
1084 1548 1238 1593 dicunt
1254 1584 1264 1603 ,
1303 1549 1438 1595 veluti

57 1617 245 1680 probare
269 1617 491 1680 cupientes
515 1628 730 1679 quantum
751 1617 893 1662 valeat
917 1617 1005 1662 sola
1024 1617 1130 1662 fides
1148 1655 1159 1673 ,
1188 1618 1266 1662 ubi
1292 1620 1436 1681 Apos-

58 1686 170 1731 tolus
194 1686 302 1731 dicit
325 1704 334 1731 ε
372 1707 392 1727 c<
415 1686 547 1741 Quod
579 1687 612 1731 si
635 1686 821 1731 infidelis
850 1686 1033 1731 discedit
1051 1724 1062 1742 ,
1095 1687 1316 1741 discedat3
1348 1705 1438 1732 11011

59 1777 80 1798 »
99 1766 161 1801 est
194 1757 308 1801 enim
341 1756 540 1801 servituti
576 1757 798 1815 subjectus
836 1757 968 1801 frater
990 1757 1057 1802 vel
1077 1774 1195 1802 soror
1211 1758 1257 1802 in
1276 1758 1436 1818 hujus-

60 1823 268 1878 »modi13
289 1846 309 1866 >>
344 1825 390 1870 1(1
418 1835 502 1880 est,
539 1835 587 1870 ut
617 1835 799 1888 propter
835 1826 967 1871 fidem
993 1826 1158 1871 Christi
1182 1827 1310 1871 etiam
1340 1828 1437 1889 ipsa

62 1910 166 1939 uxor
188 1893 377 1953 legitima
402 1895 603 1939 societate
627 1899 863 1954 conjuncta
878 1933 890 1951 ,
923 1896 1011 1940 sine
1043 1896 1131 1941 ulla
1151 1896 1282 1958 culpa
1300 1896 1436 1941 relin-

67 1973 249 2026 quatur,
276 1964 310 2009 51
339 1980 439 2009 011111
457 1965 551 2009 viro
568 1965 806 2010 christiano
822 2002 832 2020 ,
855 1976 1036 2028 propter
1057 1966 1144 2010 hoc
1164 1966 1267 2028 quia
1286 1965 1435 2010 Chris-

61 2033 205 2079 tianus
222 2044 311 2089 est,
340 2051 594 2096 permanere
620 2034 807 2080 noluerit
828 2053 838 2079 :
863 2052 950 2080 non
981 2035 1212 2080 attendunt
1235 2052 1284 2080 eo
1305 2034 1436 2080 modo

58 2101 177 2147 illam
202 2103 436 2147 rectissime
456 2102 642 2159 dimitti,
666 2104 700 2148 si
726 2105 818 2149 viro
840 2121 916 2150 5110
937 2104 1055 2150 dicat
1077 2122 1086 2148 :
1117 2106 1216 2150 Non
1238 2122 1310 2150 ero
1332 2122 1435 2149 uxor

58 2180 161 2227 tua,
197 2171 279 2216 nisi
312 2172 422 2216 mihi
450 2172 519 2218 vel
551 2172 603 2218 de
632 2173 860 2219 latrocinio
895 2174 1066 2219 divitias
1093 2191 1324 2234 congeras,
1360 2184 1435 2219 aut

59 2238 140 2284 nisi
159 2239 281 2285 solita
300 2239 536 2297 lenocinia,
561 2243 720 2304 quibus
738 2254 930 2289 nostram
949 2244 1131 2289 domum
1148 2244 1430 2303 transigebas,

60 2309 189 2354 etiam
214 2309 489 2356 Christianus
507 2328 720 2366 exerceam
751 2323 826 2358 aut
846 2314 880 2359 si
903 2314 1011 2378 quid
1035 2313 1153 2359 aliud
1177 2314 1245 2359 vel
1263 2313 1435 2358 facino-

60 2394 207 2424 rosum
231 2378 299 2425 vel
322 2379 584 2439 flagitiosum
604 2382 648 2427 in
672 2383 764 2428 viro
787 2393 966 2429 noverat
981 2420 991 2437 ‚
1019 2400 1106 2446 quo
1136 2382 1345 2428 delectata
1367 2381 1434 2427 vel

60 2446 287 2493 libidinem
325 2450 549 2513 explebat,
591 2452 659 2498 vel
693 2452 866 2498 facilem
900 2453 1067 2500 victum
1102 2452 1296 2497 habebat
1315 2487 1326 2506 ,
1364 2449 1434 2495 vel

63 2517 191 2564 etiam
212 2518 441 2566 incedebat
472 2521 676 2569 ornatior.
719 2523 844 2569 Tunc
867 2523 982 2569 enim
1013 2522 1083 2567 ille
1107 2521 1178 2568 cui
1212 2520 1298 2569 hoc
1329 2535 1433 2568 uxor

111 2599 120 2622 ¹
144 2611 155 2629 1
180 2603 253 2633 Cor.
272 2613 330 2640 vu,
355 2605 405 2635 15.
