1758 3246
324 277 380 325 70
736 280 771 310 S.
814 278 1053 312 AUGUSTINI
1088 281 1290 313 EPISCOPI

316 340 672 387 immisericordes
692 342 882 400 fuerunt,
900 346 1024 407 quasi
1047 364 1178 409 opera
1196 347 1502 394 misericordiae
1517 350 1685 412 prosint
1726 377 1730 411 g

316 409 483 472 aliquid
505 410 595 456 sine
608 411 854 469 dilectione,
872 413 1040 460 dicente
1055 417 1262 478 Apostolo
1284 435 1295 462 ι
1325 417 1406 463 «Si
1427 418 1685 465 distribuam
1727 418 1730 440 ⁵

315 499 336 520 >›
365 479 509 525 omnia
540 498 634 527 mea
670 483 962 545 pauperihus,
1006 485 1263 530 charitatem
1298 498 1441 532 autem
1474 505 1562 533 non
1599 488 1685 533 ha-

313 571 334 591 ³>
357 550 511 606 beam,
553 550 665 596 nihil
702 552 812 597 mihi
847 553 1086 615 prodest13
1112 576 1132 596 >³
1164 565 1237 600 aut
1267 555 1419 616 diligat
1453 558 1685 620 quisquam
1728 549 1732 620 'f

308 620 554 683 proximum
588 621 701 666 sicut
735 638 778 666 se
812 622 983 684 ipsum,
1023 623 1100 686 qui
1133 641 1222 669 non
1261 624 1401 684 diligit
1430 642 1471 670 se
1503 626 1685 688 ipsum?
1728 632 1732 661 ἵ

310 710 331 729 «
353 689 442 746 Qui
469 689 581 734 enim
613 689 754 748 diligit
785 691 1058 753 iniquitatem
1076 729 1088 748 ,
1127 692 1219 738 odit
1254 694 1440 738 animam
1466 711 1588 740 suam
1604 695 1638 741 2.
1664 716 1684 736 »
1729 684 1733 734 ’ἲ

309 760 458 821 Neque
480 759 590 804 illud
614 759 701 804 dici
717 759 790 805 hic
814 761 991 822 poterit,
1020 761 1065 806 in
1087 779 1174 825 quo
1193 779 1310 808 noni:
1381 763 1392 807 Ϊ
1410 780 1451 809 se
1468 764 1586 826 ipsos
1610 781 1680 809 se-
1730 774 1733 780 '

304 827 475 873 ducunt
512 829 703 873 dicentes
722 865 732 883 ,
766 829 909 889 ignem
939 841 1153 877 aeternum
1184 832 1378 889 dictum,
1426 850 1515 878 non
1544 833 1684 896 ipsam
1730 833 1734 869 ἶ

304 914 485 960 poenam
520 908 724 943 aeternam
747 916 757 943 :
783 917 862 962 per
884 901 1029 959 ignem
1055 902 1238 964 quippe,
1271 903 1348 965 qui
1370 914 1556 948 aeternus
1581 904 1679 959 erit,
1732 931 1734 933 >

307 968 564 1012 transituros
600 967 868 1014 arbitrantur
895 985 991 1024 eos,
1019 970 1179 1032 quibus
1207 981 1387 1033 propter
1412 971 1543 1017 fidem
1562 989 1684 1017 mor-
1732 968 1735 975 ’

308 1047 429 1082 1113111
455 1054 533 1099 per
562 1037 706 1096 ignem
739 1038 1005 1100 promittunt
1037 1038 1246 1084 salutem:
1271 1051 1325 1085 ut
1358 1039 1560 1086 videlicet
1592 1041 1684 1104 ipse
1733 1056 1736 1070 ¹

306 1106 418 1165 ignis
434 1116 619 1151 aeternus
643 1106 697 1151 sit
712 1144 722 1163 ,
741 1107 987 1153 combustio
1005 1123 1106 1152 vero
1128 1124 1295 1163 eorum,
1330 1109 1416 1153 hoc
1446 1119 1510 1153 est
1534 1126 1684 1171 opera·
1733 1112 1736 1162 ᾖ

308 1175 369 1221 110
392 1175 502 1234 ignis
535 1192 624 1221 non
654 1176 708 1221 sit
728 1176 784 1238 {in
810 1193 880 1221 eos
908 1187 1097 1230 aeterna3
1129 1193 1229 1222 cum
1258 1188 1300 1222 et
1326 1177 1413 1222 hoc
1439 1178 1684 1239 praevidens
1734 1171 1738 1225 Ξ

310 1245 541 1301 Dominus,
568 1255 775 1308 tanquam
800 1247 1038 1301 Dominus,
1063 1246 1315 1291 sententiam
1347 1263 1468 1291 suam
1492 1246 1551 1291 ita
1573 1263 1683 1293 con-
1734 1280 1738 1315 ἒ

308 1314 500 1370 cluserit,
525 1314 671 1360 dicens
693 1333 703 1360 :
732 1336 753 1357 «
777 1315 848 1361 Sic
872 1316 1000 1361 ibunt
1028 1316 1091 1361 illi
1115 1317 1161 1361 in
1191 1315 1537 1362 combustionem
1561 1327 1682 1362 aeter-
1735 1321 1738 1351 ἲ

309 1405 331 1426 »
353 1401 455 1430 113111
472 1421 484 1440 ,
521 1385 629 1443 justi
675 1395 819 1430 autem
857 1385 903 1430 in
941 1386 1076 1431 vitam
1118 1396 1322 1431 aeternam
1336 1385 1368 1431 3.
1393 1406 1413 1426 »
1453 1385 1547 1430 Erit
1581 1402 1681 1446 ergo

308 1464 470 1499 aeterna
491 1453 738 1498 combustio
753 1490 765 1509 ,
795 1453 908 1499 sicut
926 1454 1036 1513 ignis
1054 1474 1065 1508 ;
1086 1465 1126 1500 et
1145 1471 1214 1500 eos
1237 1455 1283 1499 in
1302 1454 1420 1499 illam
1435 1453 1570 1500 ituros
1594 1455 1682 1501 Ve-

264 1549 266 1551 >
307 1524 411 1569 ritas
428 1522 551 1578 dixit,
583 1539 774 1584 quorum
796 1539 884 1567 non
916 1522 1048 1568 fidem
1070 1559 1081 1578 ,
1108 1523 1182 1569 sed
1202 1524 1319 1569 bona
1347 1539 1479 1586 opera
1501 1522 1682 1569 defuisse

308 1592 557 1638 declaravit.

370 1663 532 1709 XXVI.
563 1661 610 1707 Si
633 1678 734 1720 ergo
757 1661 858 1707 haec
877 1662 1021 1708 omnia
1035 1699 1045 1718 ,
1069 1674 1111 1708 et
1135 1673 1290 1708 caetera
1312 1678 1410 1725 quae
1433 1661 1682 1707 innumera-

305 1732 415 1777 bilia
434 1748 514 1794 per
536 1747 683 1777 omnes
709 1730 957 1794 Scripturas
980 1732 1069 1778 sine
1101 1733 1382 1792 ambiguitate
1413 1731 1530 1777 dicta
1553 1748 1681 1794 repe-

307 1802 384 1847 riri
405 1811 613 1864 possunt,
635 1799 741 1845 falsa
765 1812 920 1855 erunt3
942 1803 1103 1864 poterit
1127 1819 1253 1848 verus
1276 1817 1363 1846 esse
1386 1800 1458 1846 ille
1480 1800 1680 1846 intellec—

308 1883 377 1917 tus
401 1871 455 1916 de
477 1871 604 1929 lignis
622 1907 633 1925 ,
659 1870 778 1916 foeno
803 1881 845 1916 et
873 1872 1033 1934 stipula
1049 1909 1060 1928 ,
1092 1871 1213 1934 quod
1237 1871 1286 1915 hi
1319 1870 1422 1915 salvi
1452 1880 1578 1914 erunt
1603 1887 1682 1932 per

307 1940 450 2000 ignem
463 1983 474 1996 ,
498 1940 576 2002 qui
591 1939 725 1985 solam
743 1941 788 1985 in
809 1940 1036 1985 Christum
1052 1941 1183 1986 fidem
1206 1949 1392 1985 tenentes
1411 1938 1528 1984 bona
1549 1954 1682 2001 opera

307 2010 598 2070 neglexerunt.
628 2008 674 2054 Si
698 2020 840 2054 autem
863 2009 943 2054 ista
962 2021 1004 2055 et
1033 2027 1133 2056 vera
1159 2020 1200 2055 et
1221 2008 1338 2054 clara
1373 2018 1502 2061 sunt;
1524 2008 1682 2070 procul
1739 2014 1744 2021 '

310 2079 448 2125 dubio
465 2079 511 2124 111
532 2078 608 2124 1113
631 2079 837 2141 Apostoli
855 2080 1061 2125 sententia
1085 2080 1192 2125 alius
1218 2076 1502 2142 requirendus
1526 2087 1588 2122 est
1607 2077 1680 2122 in-

307 2149 528 2204 tellectus,
552 2159 681 2211 atque
700 2148 747 2194 in
777 2149 847 2194 bis
869 2149 1120 2212 deputanda
1143 2160 1204 2194 est
1222 2185 1233 2205 ,
1268 2164 1367 2211 quae
1397 2148 1549 2192 Petrus
1571 2146 1680 2192 dicit

306 2236 393 2265 esse
422 2219 467 2264 in
495 2218 668 2281 scriptis
698 2221 788 2277 ers
816 2220 1019 2282 quaedam
1050 2219 1242 2265 difficilia
1271 2216 1517 2263 intellectu4
1534 2252 1544 2272 ,
1579 2233 1678 2279 quae

305 2305 394 2334 non
413 2287 574 2333 debent
590 2288 788 2333 homines
813 2300 1054 2351 pervertere
1082 2289 1136 2334 ad
1151 2288 1382 2351 proprium
1411 2302 1535 2331 suum
1561 2286 1677 2332 inte-

304 2359 438 2403 ritum
453 2392 464 2413 ‚
491 2367 540 2402 ut
559 2368 710 2403 contra
731 2358 1047 2405 evidentissima
1075 2358 1320 2404 testimonia
1352 2356 1674 2418 Scripturarum

304 2443 476 2473 securos
492 2427 654 2472 faciant
669 2426 722 2473 de
742 2427 1026 2490 percipienda
1048 2428 1181 2474 salute
1197 2425 1496 2489 nequissimos,
1518 2425 1676 2487 nequi·
1741 2485 1745 2499 .

351 2517 363 2539 ¹
388 2528 400 2547 1
429 2519 502 2549 Cor.
537 2528 607 2555 xm,
632 2518 663 2549 3.
685 2534 731 2541 —
754 2515 771 2539 ²
796 2517 881 2551 Psal.
914 2529 945 2556 x,
973 2520 1006 2551 6.
1033 2536 1076 2543 —-
1101 2515 1116 2540 ³
1141 2517 1260 2550 Mauh.
1282 2526 1358 2558 xxv,
1380 2515 1435 2551 46.
1452 2533 1495 2537 -
1515 2511 1530 2535 ⁴
1551 2524 1569 2544 2
1590 2516 1674 2548 Petr.

304 2578 354 2610 111,
376 2570 428 2601 16.
