1758 3246
383 356 437 387 DE
473 357 614 388 operm
651 353 984 395 nomenonuru,
1025 359 1109 387 mn.
1155 358 1182 388 ι.
1387 342 1479 404 549

117 424 276 487 peritos
302 439 476 481 regnare
499 422 687 485 pigritia.
719 422 806 479 Qui
834 421 947 466 enim
965 439 1107 467 veram
1131 423 1325 487 corporis
1344 433 1481 468 osten-

118 495 182 540 dit
217 493 538 548 infirmitatem,
581 493 771 538 humane
811 492 1061 538 tractandus
1094 503 1156 538 est
1190 511 1200 538 ε
1236 493 1311 556 qui
1339 505 1481 539 autem

116 564 264 610 falsam
285 562 519 626 praetendit
536 572 576 607 et
604 561 805 608 convinci
830 579 917 607 non
936 572 1104 625 potest,
1129 564 1220 608 Deo
1253 563 1480 609 dimitten-

118 634 198 680 dus
222 644 283 679 est
307 650 317 677 t
347 643 496 678 neuter
517 643 658 677 tamen
679 648 824 677 eorum
845 631 1129 695 perniciosam
1148 632 1336 691 regulam
1357 633 1449 692 figit
1469 651 1480 677 :

118 705 220 768 quia
242 704 383 749 bonus
401 721 546 749 servus
565 703 641 748 Dei
667 713 708 747 et
730 702 951 748 manifeste
973 703 1147 749 infirmo
1165 701 1289 748 fratri
1308 720 1384 748 suo
1402 720 1485 748 ser-

117 776 205 828 vit,
232 785 272 819 et
299 773 463 819 fallenti
494 791 594 819 cum
618 772 780 828 credit,
801 772 904 836 quia
928 772 1089 818 malum
1109 789 1206 818 eum
1225 790 1312 819 non
1330 783 1481 836 putat,

118 862 206 890 non
226 845 421 890 imitatur
446 855 492 890 ut
515 844 650 889 malus
677 843 753 897 sit3
779 854 821 889 et
848 843 881 888 si
912 860 1000 889 non
1031 844 1069 889 ei
1094 843 1231 889 credit
1250 881 1261 899 ‚
1285 843 1485 890 fallacem

117 926 270 979 putat,
310 932 357 960 ac
399 915 685 960 nihilominus
716 931 805 959 non
837 913 1045 962 imitatur.
1088 915 1155 960 Ab
1191 914 1265 960 illo
1290 931 1390 960 vero
1413 914 1490 979 qui

119 986 229 1032 dicit
249 1004 259 1031 ε
290 986 398 1031 Haec
421 996 483 1031 est
507 1002 604 1031 vera
629 984 796 1044 justitia
814 1021 824 1039 ‚
853 995 902 1030 ut
936 985 1048 1030 nihil
1072 985 1354 1049 corporaliter
1377 1002 1487 1049 ope-

118 1056 254 1102 rando
274 1056 494 1102 imitemur
510 1054 700 1101 volatilia
720 1053 844 1109 coeli,
879 1055 1085 1117 quoniam
1113 1055 1189 1119 qui
1212 1055 1297 1100 tale
1320 1054 1485 1118 aliquid

116 1127 246 1173 fuerit
269 1137 470 1190 operatus
490 1136 640 1172 contra
662 1124 943 1183 Evangelium
967 1125 1071 1171 facit
1093 1143 1103 1170 ε
1128 1125 1321 1190 quisquis
1347 1126 1488 1170 animo

118 1198 315 1242 infirmus
337 1197 423 1242 hoc
443 1196 563 1242 audit
586 1206 628 1240 et
644 1193 798 1249 credit,
825 1211 912 1240 non
932 1196 1032 1259 quia
1050 1195 1109 1240 sic
1125 1206 1271 1251 vacat,
1294 1194 1366 1240 sed
1387 1195 1490 1258 quia

117 1268 178 1314 sic
198 1278 335 1321 errat,
356 1267 567 1325 lugendus
588 1276 663 1312 cst.

182 1338 351 1383 XXIII.
395 1336 509 1381 Hinc
542 1336 728 1381 exoritur
755 1336 884 1382 altera
907 1336 1089 1398 quaestio
1123 1353 1134 1381 ε
1168 1335 1345 1381 fortasse
1375 1337 1491 1382 enini

118 1408 237 1454 dicat
263 1425 274 1452 ι
305 1405 424 1462 Quid
449 1423 548 1465 ergo
566 1443 575 1460 ‚
604 1406 750 1451 caeteri
776 1405 972 1469 Apostoli
995 1416 1037 1450 et
1059 1405 1212 1451 fratres
1239 1406 1419 1451 Domini
1452 1417 1494 1452 et

121 1478 317 1541 Cephas,
344 1477 445 1540 quia
469 1493 555 1521 nou
573 1477 869 1538 operabantur
886 1513 896 1532 ‚
930 1477 1208 1539 peccabant?
1235 1486 1309 1521 aut
1335 1476 1489 1522 affere-

120 1551 227 1595 bant
242 1547 602 1611 impedimentum
627 1547 858 1606 Evangelio
877 1547 979 1611 quia
999 1547 1108 1593 dicit
1130 1548 1280 1592 beatus
1303 1547 1486 1605 Paulus,

120 1619 215 1665 ideo
232 1635 274 1664 se
292 1636 378 1664 non
398 1635 522 1663 usum
540 1617 624 1662 hac
642 1616 882 1680 potestate1
896 1654 906 1665 ,
928 1633 981 1662 ne
996 1617 1115 1682 quod
1130 1617 1491 1681 impedimentum

119 1690 242 1736 daret
265 1688 500 1748 Evangelio
520 1687 720 1733 Christi?
743 1688 788 1733 Si
811 1688 923 1733 enim
942 1699 1259 1751 peccaverunt,
1277 1688 1380 1752 quia
1402 1706 1490 1735 non

119 1759 284 1823 operati
308 1769 431 1813 sunt,
469 1775 557 1803 non
581 1775 680 1817 ergo
705 1769 961 1821 acceperant
988 1769 1242 1821 potestatem
1266 1776 1355 1804 non
1382 1777 1491 1823 ope-

119 1829 267 1884 randi,
297 1828 369 1875 sed
406 1828 459 1874 de
485 1827 716 1887 Evangelio
748 1828 937 1874 vivendi.
979 1829 1023 1873 Si
1057 1839 1200 1874 autem
1237 1841 1491 1893 acceperant

119 1900 235 1946 hanc
259 1909 513 1963 potestatem
532 1936 542 1955 ,
571 1898 797 1944 ordinante
826 1900 1016 1944 Domino
1042 1910 1088 1945 ut
1113 1899 1189 1963 qui
1210 1900 1490 1960 Evangelium

121 1970 448 2025 annuntiarent,
474 1986 521 2014 ex
542 1968 774 2028 Evangelio
795 1968 1017 2025 viverent,
1041 1981 1084 2016 et
1107 1970 1277 2015 dicente
1301 1988 1312 2015 :
1342 1992 1363 2012 «
1388 1971 1491 2030 Dig-

121 2057 240 2086 »nus
277 2050 338 2086 est
361 2039 582 2103 operarius
616 2039 717 2084 cibo
756 2039 885 2092 suo‘'·;
906 2061 926 2081 »
966 2057 1051 2104 qua
1084 2050 1295 2104 potestate
1330 2041 1493 2086 Paulus

122 2111 308 2175 amplius
330 2110 495 2175 aliquid
520 2127 695 2170 erogans
716 2110 780 2156 uti
798 2109 937 2156 noluit
963 2128 973 2156 :
1001 2128 1087 2157 non
1107 2111 1257 2175 utique
1277 2128 1491 2175 peccave-

123 2192 238 2228 runt.
263 2181 307 2227 Si
330 2199 416 2228 non
442 2192 732 2245 peccaverunt
749 2219 760 2237 ‚
783 2181 952 2227 nullum
977 2182 1336 2246 impedimentum
1362 2182 1490 2228 dede-

123 2262 239 2298 runt.
264 2252 412 2314 Neque
431 2252 543 2296 enim
562 2251 731 2296 nullum
752 2262 982 2315 peccatum
1007 2263 1095 2305 est,
1120 2253 1328 2316 impedire
1350 2253 1489 2298 Evan-

122 2322 293 2382 gelium.
325 2322 454 2378 Quod
475 2322 505 2366 si
525 2322 586 2367 ita
605 2332 689 2377 est,
712 2333 753 2368 et
778 2323 926 2377 nobis,
948 2324 1151 2386 inquiunt
1166 2360 1176 2378 ‚
1199 2323 1386 2368 liberum
1407 2335 1485 2379 est,

121 2403 163 2438 et
188 2392 251 2438 uti
275 2403 316 2436 et
339 2410 423 2438 non
448 2393 509 2438 uti
530 2392 614 2438 hac
634 2403 855 2456 potestate.

186 2463 346 2510 XXIV.
389 2464 515 2508 Hanc
535 2463 816 2525 quaestionem
835 2464 1024 2509 breviter
1049 2462 1284 2519 solverem,
1313 2463 1347 2508 si
1366 2463 1488 2508 dice-

122 2549 212 2578 rem
231 2569 242 2588 ,
274 2533 376 2596 quia
398 2543 438 2578 ot
462 2537 576 2593 juste
609 2532 796 2579 dicerem
814 2571 825 2590 ,
861 2533 1124 2579 credendum
1152 2550 1237 2578 esse
1262 2533 1482 2596 Apostolo.

123 2602 220 2666 Ipse
240 2603 353 2648 enim
375 2603 538 2648 sciebat
563 2620 642 2648 cur
660 2604 705 2648 in
728 2604 927 2650 Ecclesiis
949 2603 1138 2665 gendum
1158 2620 1243 2649 non
1269 2614 1488 2669 oporteret

173 2686 181 2709 ¹
205 2698 215 2717 1
238 2688 311 2719 Cor.
332 2690 448 2731 1x‚1;3.
464 2705 504 2713 ---
521 2687 667 2720 '2Mauh.
688 2700 722 2731 x,
748 2697 803 2720 10.
