1758 3246
291 313 380 361 292
719 315 754 345 s.
797 313 1037 348 AUGUSTINI
1077 312 1276 350 nriseorl

290 379 464 442 quiunt,
485 377 563 423 ubi
577 377 819 426 manifestat
837 383 1069 444 Apostolus
1092 384 1178 429 hoc
1201 394 1383 447 propter
1404 395 1659 447 praesentem

288 448 581 494 necessitatem
605 449 771 496 bonum
793 468 904 507 esse,
926 470 1014 498 non
1035 464 1214 516 propter
1236 454 1427 499 futuram
1449 455 1662 500 aeternita·

288 530 390 565 tem.
424 519 557 575 Quasi
575 521 799 582 praesentis
818 522 1077 568 necessitatis
1101 524 1310 568 rationem
1327 523 1510 569 haberet
1525 527 1661 587 Apos-

288 589 400 635 tolus
414 626 424 645 ‚
445 589 527 636 nisi
552 590 785 653 providens
807 603 848 636 et
873 592 1097 638 consulens
1119 593 1165 638 in
1182 593 1382 639 futurum
1404 613 1415 647 ;
1439 610 1541 639 cum
1566 611 1661 640 om-

289 660 356 705 nis
378 663 467 719 ejus
491 659 752 722 dispensatio
773 678 862 707 non
881 662 961 707 nisi
981 662 1035 708 ad
1059 662 1192 708 vitam
1217 674 1423 709 aeternam
1443 675 1582 712 vocet.

353 731 472 777 XIV.
507 732 700 776 Praesens
715 749 814 792 ergo
835 744 897 778 est
915 732 1094 779 vitanda
1120 734 1370 791 necessitas,
1413 734 1486 780 sed
1518 745 1662 781 tamen

289 818 389 864 quae
407 800 572 863 aliquid
591 801 807 848 bonorum
822 803 1007 866 impedit
1024 803 1271 850 futurorum
1294 821 1406 867 :qua
1416 805 1664 853 necessitate

288 872 377 917 vita
399 871 568 929 cogitur
588 873 827 932 conjugalis
854 875 1043 934 cogitare
1067 892 1168 938 quae
1201 874 1354 920 mundi
1387 886 1488 921 sunt
1508 912 1518 931 ‚
1548 892 1663 938 quo-

288 940 420 986 modo
432 940 604 1002 placeat
623 941 689 986 vir
713 943 858 1000 uxori,
875 944 944 989 vel
959 961 1064 990 uxor
1075 945 1182 991 viro.
1205 946 1304 990 *Non
1320 944 1440 1008 quod
1464 962 1512 990 ea
1535 961 1664 1008 sepa-

288 1021 383 1056 rent
401 1027 567 1069 aregno
587 1011 683 1066 Dei,
705 1012 816 1057 sicut
842 1024 942 1059 sunt
962 1025 1160 1077 peccata,
1182 1031 1281 1078 quae
1303 1014 1399 1059 ideo
1418 1025 1660 1078 praecepto,

286 1099 376 1127 non
403 1080 581 1125 consilio
601 1081 893 1140 cohibentur,
924 1086 1026 1146 quia
1057 1085 1243 1130 Domino
1273 1085 1550 1148 praecipienti
1577 1102 1665 1130 non

288 1150 465 1196 obedire
488 1149 738 1195 damnabile
764 1162 826 1196 est
855 1170 866 1197 :
895 1153 967 1197 sed
985 1153 1093 1198 illud
1114 1154 1234 1216 quod
1257 1155 1302 1200 in
1323 1155 1418 1217 ipso
1437 1154 1516 1199 Dei
1534 1171 1664 1214 regno

288 1220 476 1284 amplius
504 1219 658 1264 haberi
689 1230 830 1282 potest
860 1222 894 1266 si
920 1222 1106 1285 amplius
1145 1223 1409 1282 cogitaretur
1445 1223 1666 1284 quomodo

286 1290 550 1354 placendum
579 1299 684 1334 esset
703 1291 794 1334 Deo
813 1328 824 1346 ,
849 1291 992 1337 minus
1011 1292 1092 1337 erit
1111 1292 1260 1354 utique
1281 1308 1381 1336 cum
1406 1291 1493 1336 hoc
1519 1291 1665 1353 ipsum

286 1363 430 1408 minus
446 1359 636 1419 conjugii
655 1361 905 1406 necessitate
923 1362 1150 1420 cogitatur,
1172 1361 1303 1406 «Ideo
1325 1361 1377 1406 de
1391 1360 1634 1420 virginibus
1650 1398 1661 1416 ‚

287 1454 310 1475 >›
333 1431 500 1495 inquit,
520 1440 794 1492 praeceptum
810 1431 986 1476 Domini
998 1449 1084 1476 non
1102 1432 1259 1477 habeo.
1276 1431 1537 1493 »Praecepto
1551 1431 1666 1476 enim

289 1502 484 1565 quisquis
509 1517 596 1545 non
636 1500 909 1564 obtemperat
930 1538 941 1557 ‚
983 1519 1079 1547 reus
1115 1512 1178 1547 est
1219 1512 1260 1546 et
1289 1501 1461 1546 debitor
1498 1517 1658 1564 poenae.

288 1570 479 1617 Proinde
502 1569 604 1633 quia
628 1586 800 1616 uxorem
827 1571 984 1617 ducere
1006 1571 1074 1617 vel
1108 1572 1276 1617 nubere
1312 1581 1543 1634 peccatum
1576 1588 1665 1617 non

290 1653 353 1688 est
375 1679 386 1698 ‚
415 1641 448 1686 si
473 1650 616 1685 autem
634 1651 864 1702 peccatum
882 1652 1005 1697 esset,
1026 1652 1250 1705 praecepto
1268 1651 1485 1687 vetaretur
1502 1661 1513 1695 3
1533 1658 1668 1704 prop·

286 1724 403 1758 terea
425 1721 701 1775 praeceptum
724 1711 901 1756 Domini
926 1710 979 1756 de
1003 1711 1248 1771 virginibus
1266 1711 1436 1757 nullum
1461 1721 1537 1758 est.
1581 1710 1667 1756 Sed

288 1781 497 1846 quoniam
523 1780 722 1826 devitatis
744 1781 978 1827 remissisve
1004 1782 1196 1843 peccatis
1219 1818 1230 1837 ‚
1261 1780 1462 1826 adeunda
1486 1790 1550 1826 est
1577 1779 1668 1826 Vita

290 1864 450 1898 {eterna
472 1889 482 1907 ‚
506 1850 552 1896 in
571 1867 658 1914 qua
680 1861 742 1896 est
760 1851 965 1914 quaedam
991 1852 1158 1911 egregia
1184 1851 1337 1911 gloria,
1357 1868 1446 1896 non
1464 1850 1668 1896 omnibus

289 1924 332 1969 in
356 1933 569 1967 aeternum
591 1920 770 1966 victuris
787 1956 799 1976 ,
828 1920 901 1966 sed
927 1921 1192 1983 quibusdam
1209 1920 1273 1965 ibi
1296 1919 1531 1965 tribuenda
1549 1956 1561 1975 ‚
1597 1919 1670 1964 cui

290 1991 607 2055 consequendae
642 2006 800 2052 parum
832 2001 895 2035 est
924 1989 1157 2035 liberatum
1191 2006 1276 2035 esse
1303 2007 1325 2035 a
1347 1989 1561 2052 peccatiS‚
1587 1988 1669 2034 nisi

292 2062 459 2126 aliquid
494 2060 579 2124 ipsi
615 2059 838 2105 liberatori
862 2070 1095 2114 voveatur,
1127 2059 1246 2123 quod
1273 2076 1364 2104 non
1393 2059 1447 2104 sit
1477 2058 1669 2104 criminis

291 2151 382 2179 non
400 2131 583 2187 vovisse,
612 2130 685 2176 sed
706 2130 871 2177 vovisse
893 2147 943 2176 ac
960 2130 1197 2175 reddidisse
1219 2130 1273 2175 sit
1290 2129 1431 2175 laudis
1452 2146 1497 2174 z«
1515 2128 1671 2173 Consi-

293 2225 315 2246 »
338 2203 446 2249 lium
470 2239 480 2259 ‚
506 2201 672 2264 inquit,
696 2200 778 2257 do,
803 2211 1013 2264 tanquam
1037 2200 1378 2246 misericordiam
1416 2208 1671 2245 consecutus

293 2295 316 2316 »
344 2291 367 2318 a
390 2273 482 2317 Deo
504 2309 515 2327 ‚
544 2281 591 2316 ut
612 2270 751 2316 fidelis
772 2287 917 2317 essem.
943 2292 963 2312 ³>
999 2272 1150 2334 Neque
1168 2269 1283 2316 enim
1307 2268 1501 2316 invidere
1534 2268 1670 2314 debeo

295 2342 421 2389 fidele
437 2341 665 2388 consilium
682 2378 693 2398 ‚
721 2341 798 2404 qui
822 2358 909 2386 non
939 2341 1044 2386 meis
1073 2341 1236 2386 meritis
1254 2377 1265 2396 ‚
1296 2339 1370 2386 sed
1393 2340 1474 2385 Dei
1497 2339 1671 2385 miseri-

297 2413 447 2460 cordia
467 2429 561 2458 sum
571 2411 723 2458 fidelis.
740 2411 979 2456 «Existimo
996 2411 1142 2474 itaque
1153 2411 1240 2456 hoc
1251 2410 1417 2455 bonum
1434 2426 1521 2455 esse
1535 2425 1669 2472 prop-

296 2505 319 2526 ³>
343 2494 407 2528 ter
425 2491 682 2546 praesentem
698 2480 1008 2527 necessitatem.
1031 2501 1053 2521 2>
1077 2485 1172 2525 Hoc
1187 2517 1198 2535 ,
1226 2479 1390 2542 inquit,
1421 2479 1536 2525 unde
1553 2496 1674 2542 prae-

299 2564 476 2617 ceptum
500 2551 677 2598 Domini
701 2568 789 2597 non
807 2550 950 2597 habeo
967 2587 979 2607 ,
1006 2549 1079 2596 sed
1108 2549 1339 2596 consilium
1369 2549 1451 2606 do,
1491 2549 1578 2595 hoc
1610 2558 1673 2595 est

301 2623 355 2670 de
374 2622 638 2683 virginibus,
673 2622 863 2670 existimo
896 2622 1063 2670 bonum
1092 2637 1179 2670 esse
1205 2631 1386 2685 propter
1415 2631 1671 2684 praesentem
