1758 3246
316 285 409 333 350
720 301 755 332 s.
796 298 885 332 Auo
892 303 1039 333 usrin
1076 306 1127 335 Ei
1133 306 1276 336 ISCOPI

314 383 404 411 non
421 381 517 410 eam
534 364 593 410 ob
612 364 698 410 hoc
724 379 1012 445 praeponunt,
1035 371 1138 432 quia
1155 371 1266 416 filios
1285 369 1472 424 habuit3
1494 370 1688 434 idipsum

315 445 428 480 certe
451 433 570 496 quod
596 433 674 479 diu
700 452 801 481 cum
833 438 926 482 xiro
947 439 1075 487 vixit
1109 440 1217 503 quid
1245 439 1362 485 aliud
1391 456 1524 502 quam
1547 441 1689 486 carnis

314 503 494 549 felicitas
508 502 622 550 fuit?
642 505 847 550 Meritum
865 523 995 568 porro
1017 511 1152 554 Annae
1172 509 1287 554 illius
1307 526 1354 554 eo
1373 509 1554 554 maxime
1571 526 1689 554 com-

314 573 570 629 mendatur,
595 575 697 637 quia
719 592 818 620 cum
844 587 932 621 tam
951 578 1039 622 cito
1059 580 1272 624 extulisset
1292 579 1462 627 virum
1491 596 1571 641 per
1587 595 1690 642 pro-

313 643 443 689 lixam
461 655 632 690 aetatem
651 661 774 689 suam
792 645 869 690 diu
893 663 993 691 cum
1019 664 1148 694 carne
1169 648 1362 693 conflixit
1378 686 1389 704 ‚
1408 660 1450 693 et
1470 649 1590 694 vicit.
1619 647 1691 693 Sic

314 713 430 758 enim
453 714 666 776 scriptum
684 724 779 758 est.
803 736 822 754 a
842 716 898 759 Et
920 726 1010 761 erat
1031 717 1156 762 Anna
1172 718 1447 780 prophetissa
1470 717 1559 762 filia
1576 717 1691 762 Pha-

317 802 338 823 »
355 782 479 839 nuel,
502 782 556 828 de
579 783 698 828 tribu
718 785 857 829 Aser:
883 785 982 829 haec
1002 803 1235 849 processer
1225 797 1267 832 {t
1285 787 1331 832 in
1352 786 1505 831 diebus
1522 786 1688 842 multis,

315 872 336 893 >³
354 862 396 897 et
418 853 579 897 vixerat
601 869 703 897 cum
725 853 818 898 viro
843 871 919 900 suo
946 857 1065 901 annis
1090 867 1252 934 septem
1279 875 1301 901 a
1322 856 1571 915 virginitate
1595 871 1689 911 sua,

315 943 336 964 »
352 933 395 966 et
418 922 517 967 haec
544 922 678 968 vidua
700 940 835 986 usque
854 924 909 969 ad
934 943 1068 971 annos
1094 927 1562 988 octoginta—quatuor,
1593 941 1694 987 quae

316 1014 337 1034 ))
356 1008 446 1037 non
465 991 718 1037 discedebat
745 992 799 1037 de
828 995 990 1057 templo
1007 1033 1017 1050 ‚
1046 996 1221 1055 jejuniis
1249 1006 1292 1040 et
1320 994 1694 1040 obsecrationibus

314 1082 336 1103 ›>
354 1061 539 1106 serviens
561 1072 688 1106 nocte
717 1078 766 1106 ac
790 1062 902 1110 die1.
933 1085 954 1105 »
978 1065 1108 1110 Vides
1141 1063 1516 1127 quemadmodum
1544 1073 1695 1108 sancta
1738 1060 1742 1067 ¹

313 1130 448 1177 Vidua
466 1148 556 1176 non
571 1131 712 1176 solum
734 1148 783 1176 eo
801 1133 1070 1194 praedicatur
1090 1134 1209 1197 quod
1235 1134 1405 1179 univira
1435 1133 1565 1178 fuerit
1581 1169 1593 1187 ‚
1617 1148 1695 1178 ve-
1741 1150 1744 1161 ·

316 1202 543 1246 rumetiam
565 1200 686 1264 quod
708 1217 877 1262 paucos
902 1220 1036 1247 annos
1065 1221 1167 1248 cum
1195 1204 1351 1248 marito
1380 1202 1533 1247 vixerit
1554 1219 1576 1246 a
1599 1201 1695 1247 vir-

317 1271 493 1331 ginitate
527 1287 630 1326 sua,
665 1281 709 1315 et
745 1270 932 1315 vidualis
971 1273 1251 1317 continentiae
1284 1287 1442 1316 munus
1473 1286 1609 1332 usque
1641 1270 1695 1315 ad

317 1351 484 1386 tantam
504 1350 768 1385 senectutem
793 1350 914 1385 tanta
936 1342 1111 1403 pietatis
1130 1342 1334 1387 servitute
1359 1339 1624 1403 perduxerit.

381 1411 522 1456 XVII.
568 1410 894 1454 Constituamus
918 1411 1052 1469 igitur
1067 1422 1164 1455 ante
1184 1410 1333 1455 oculos
1351 1420 1520 1454 nostros
1543 1407 1696 1454 viduas

318 1492 400 1526 tres
419 1516 431 1536 ‚
461 1479 672 1524 habentes
691 1478 859 1537 singula
879 1495 1031 1524 eorum
1062 1497 1162 1542 quae
1188 1479 1295 1525 huic
1320 1479 1490 1524 inerant
1513 1478 1659 1523 omnia
1680 1495 1691 1522 ι

318 1565 450 1593 unam
467 1564 682 1610 ponamus
707 1548 923 1593 univiram
941 1585 951 1604 ,
974 1549 1047 1594 cui
1063 1549 1172 1594 desit
1190 1559 1231 1594 et
1250 1558 1371 1594 tanta
1390 1546 1611 1611 prolixitas
1633 1546 1698 1593 vi-

317 1616 521 1673 duitatis,
563 1616 683 1679 quod
716 1616 794 1662 diu
819 1634 918 1662 cum
945 1619 1100 1663 marito
1123 1619 1299 1674 w'xerit,
1331 1628 1373 1663 et
1401 1626 1574 1662 tantum
1597 1625 1695 1661 stu-

319 1686 442 1732 dium
462 1686 662 1749 pietatis‚
693 1686 813 1749 quod
842 1704 931 1732 non
961 1688 1020 1733 ita
1043 1690 1220 1748 jejuniis
1247 1699 1290 1734 et
1324 1685 1698 1733 obsecrationibus

319 1757 505 1802 serviat:
533 1756 710 1802 alteram
732 1793 742 1812 ,
783 1773 883 1819 quae
914 1769 1013 1820 post
1042 1759 1198 1822 prioris
1221 1758 1366 1804 mariti
1398 1756 1698 1804 brevissimam
1756 1816 1758 1827 A

316 1826 452 1872 vitam
467 1863 478 1883 ‚
507 1827 639 1872 etiam
658 1827 897 1872 secundum
923 1828 1012 1873 cito
1037 1829 1249 1883 amiserit,
1270 1839 1313 1874 et
1338 1827 1546 1872 diuturna
1573 1835 1698 1871 aetate
1756 1830 1758 1850 ²

319 1897 374 1942 sit
388 1897 521 1943 vidua
533 1935 544 1951 ‚
565 1897 639 1943 sed
658 1898 787 1943 etiam
804 1898 900 1961 ipsa
916 1915 1004 1944 non
1021 1910 1190 1945 tantam
1215 1900 1289 1945 det
1313 1915 1489 1962 operam
1502 1896 1701 1956 jejunio-

319 1984 417 2013 rum
441 1978 484 2012 et
503 1967 854 2013 obsecrationum
879 1968 1206 2028 religiosissimae
1236 1968 1433 2015 servituti
1457 1985 1468 2012 :
1495 1966 1667 2012 tertiam
1682 2003 1694 2022 ,

320 2055 421 2101 quae
444 2055 533 2083 non
558 2038 697 2083 solum
721 2038 830 2084 duos
851 2039 963 2084 viros
981 2039 1187 2084 habuerit
1207 2077 1217 2097 ‚
1244 2039 1316 2085 sed
1335 2038 1464 2084 etiam
1488 2053 1591 2082 cum
1611 2053 1699 2081 am-

324 2111 466 2155 bobus
482 2108 732 2169 singillatim
749 2145 761 2165 ‚
787 2108 855 2153 vel
876 2126 980 2154 cum
1001 2109 1148 2172 aliquo
1165 2127 1315 2156 eorum
1336 2108 1502 2155 diutius
1526 2105 1696 2164 vixerit,

323 2191 366 2225 et
381 2181 613 2244 posteriore
633 2189 758 2224 aetate
782 2178 961 2224 viduata
977 2216 987 2235 ,
1015 2179 1060 2224 in
1082 2196 1170 2242 qua
1189 2179 1365 2242 quidem
1385 2178 1420 2223 si
1442 2177 1606 2223 nubere
1620 2192 1698 2223 vo-

323 2249 471 2295 luisset
488 2287 500 2306 ,
521 2259 663 2313 posset
678 2260 720 2294 et
737 2248 847 2294 filios
863 2265 1109 2311 procreare,
1131 2250 1365 2313 susceperit
1385 2245 1700 2294 continentiam

324 2320 571 2375 vidualem3
595 2319 668 2365 sed
694 2319 793 2383 plus
815 2319 981 2364 intenta
1012 2318 1058 2364 in
1094 2321 1260 2376 Deum,
1296 2319 1397 2382 plus
1428 2318 1484 2363 sit
1514 2315 1700 2362 sollicita

326 2409 426 2456 quae
446 2391 510 2437 illi
528 2390 728 2454 placeant
747 2389 923 2434 actitare
942 2426 953 2440 ,
979 2388 1049 2434 die
1080 2406 1127 2434 ac
1155 2400 1282 2434 nocte
1300 2389 1413 2433 sicut
1437 2389 1562 2431 Anna
1579 2387 1699 2444 jeju-

327 2463 410 2508 niis
428 2472 471 2507 et
491 2460 868 2507 obsecrationibus
891 2459 1090 2505 serviens.
1122 2459 1167 2503 Si
1184 2457 1473 2504 contendatur
1495 2472 1699 2519 quaenam

328 2533 508 2579 istarum
531 2532 586 2577 sit
609 2529 774 2576 meritis
793 2529 940 2592 potior
959 2566 970 2585 ‚
996 2528 1094 2591 quis
1116 2545 1205 2574 non
1227 2527 1370 2575 videat
1389 2527 1436 2573 in
1457 2527 1545 2573 hoc
1563 2535 1701 2572 certa-

377 2616 387 2637 ¹
404 2618 476 2647 Luc.
495 2625 532 2652 11,
552 2615 605 2652 36,
621 2615 675 2652 37.
