1758 3246
43 408 91 444 ut
109 397 172 443 ibi
189 398 244 443 sit
258 398 388 444 etiam
410 397 481 443 ille
505 398 581 460 qui
602 398 887 444 fornicantem
909 397 1120 444 dimiserit
1139 419 1150 452 3
1176 417 1321 447 nonne
1345 417 1413 446 se-

41 467 235 514 cundum
273 468 472 513 Marcum
511 469 848 531 respondebitur
887 468 1037 512 nobis:
1077 469 1196 523 Quid
1218 471 1414 533 quaeritis

41 548 189 583 utrum
211 538 282 583 ille
298 538 351 582 sit
381 538 606 594 moechus,
631 550 672 584 et
690 539 759 584 ille
779 556 867 584 non
886 539 967 583 sit‘?
988 559 1008 579 «
1035 538 1313 602 Quicumque
1340 540 1413 585 di-

41 628 62 649 »
81 607 241 652 miserit
265 624 435 652 uxorem
449 624 571 653 suam
592 618 633 652 et
653 608 780 653 aliam
799 607 984 662 duxerit,
1009 607 1273 653 adulterium
1287 625 1414 653 com-

41 677 208 722 »mittit
227 676 260 724 4.
281 699 301 718 γι
323 678 478 722 Nonne
499 678 628 723 etiam
645 678 882 723 secundum
899 681 1065 723 Lucam
1079 677 1248 724 dicetur
1259 679 1408 723 nobis:

0 805 2 817 ³
42 746 161 802 Quid
185 746 402 806 ambigitis
423 757 569 791 utrum
589 747 661 792 ille
681 747 756 809 qui
772 757 954 810 propter
968 764 1142 793 causam
1164 747 1413 793 fornicatio-

0 821 3 873 ξ
39 816 104 861 nis
129 833 301 861 uxorem
328 815 555 871 dimiserit,
577 827 617 861 et
637 816 766 862 aliam
786 817 979 872 duxerit,
1003 834 1092 862 non
1130 816 1411 863 moechetur?

0 893 2 950 j
41 905 61 926 «
86 885 239 930 Omnis
256 885 332 947 qui
347 884 529 931 dimittit
547 903 721 931 uxorem
736 904 879 943 suam,
902 897 943 932 et
956 887 1078 932 ducit
1091 887 1284 942 alteram,
1302 904 1413 933 moe-

0 981 2 1020 5
39 975 59 997 >2
82 955 240 1001 chatur
256 956 289 1001 2.
311 977 331 996 >2
350 957 413 1001 Ac
430 974 509 1019 per
532 956 636 1011 hoc,
666 958 873 1019 quoniam
896 958 957 1003 fas
982 976 1069 1003 non
1094 968 1155 1003 est
1176 969 1225 1003 ut
1262 959 1327 1002 Ev
1318 976 1412 1003 an-

0 1038 2 1087 J
35 1026 217 1085 gelistas‚
245 1027 441 1089 quamvis
467 1027 643 1072 diveisis
667 1028 810 1073 xcrbis
830 1028 884 1073 de
912 1046 997 1074 una
1019 1046 1060 1074 re
1081 1028 1322 1092 loquentes,
1355 1028 1411 1073 ab

0 1133 1 1164 ἶ
36 1111 121 1140 uno
141 1113 264 1141 sensu
281 1096 517 1161 eidemque
540 1098 748 1143 sententia
781 1098 1009 1144 dissentire
1036 1099 1262 1155 dicamus,
1282 1109 1412 1143 restat

0 1166 1 1179 ³
34 1176 108 1211 ut¹
101 1168 363 1212 Matthaeum
387 1167 678 1227 intelligamus
700 1186 723 1213 a
761 1180 884 1232 parte
904 1180 1044 1214 totum
1067 1169 1310 1225 significare
1330 1185 1411 1210 vo-

0 1246 1 1280 }
31 1235 174 1292 luisse5
196 1238 389 1282 eamdem
410 1248 553 1281 tamen
586 1238 768 1279 tenuisse
801 1236 1080 1290 sententiam,
1117 1245 1164 1279 ut
1190 1235 1411 1280 dimittens

0 1349 1 1352 ,
34 1322 225 1361 uxorem,
240 1315 282 1349 et
294 1306 469 1350 alteram
486 1304 666 1360 ducens,
682 1322 769 1350 non
784 1305 963 1368 quidam
977 1304 1244 1359 moechetun
1267 1304 1312 1350 id
1324 1315 1386 1349 est
1397 1341 1409 1359 ‚

0 1401 1 1406 =
33 1375 108 1439 qui
129 1385 289 1439 praeter
326 1374 656 1421 fornicationem
699 1375 936 1430 dimiserit,
973 1374 1154 1438 quidam
1195 1392 1296 1420 vero
1324 1392 1411 1420 non

32 1446 298 1501 moechetur,
332 1445 378 1491 id
403 1456 481 1500 est,
509 1449 585 1508 qui
609 1456 791 1508 propter
814 1445 1142 1490 fornicationem
1171 1444 1407 1500 dimiserit,

33 1514 104 1560 sed
135 1516 274 1560 omnis
296 1515 370 1578 qui
397 1515 579 1560 dimittit
611 1531 783 1560 uxorem
805 1532 924 1560 suam
939 1552 950 1570 ,
977 1525 1018 1560 et
1056 1513 1180 1559 ducit
1201 1513 1377 1559 alteram
1397 1551 1408 1570 ‚

33 1586 247 1631 moechari
268 1586 445 1630 minime
463 1585 704 1631 dubitetur.

96 1655 222 1700 Xlll.
255 1655 283 1697 ζῆ
294 1672 361 1699 am
380 1665 421 1698 et
444 1654 549 1699 illud
576 1654 694 1716 quod
718 1654 848 1699 etiam
873 1653 1114 1699 secundum
1147 1656 1314 1699 Lucam
1338 1671 1407 1699 se-

32 1724 203 1785 quitur:
220 1745 239 1764 «
256 1723 570 1778 Quidimissam
586 1743 606 1768 a
626 1725 718 1768 viro
737 1723 878 1778 ducit,
898 1723 1166 1778 moechatur,
1181 1723 1404 1786 quomodo

33 1803 93 1838 est
104 1809 251 1839 verum
262 1796 281 1838 2³
294 1793 533 1856 quomodo.
552 1793 818 1849 moechatur,
834 1794 915 1839 nisi
925 1794 1027 1857 quia
1038 1793 1109 1838 illa
1123 1810 1254 1856 quam
1266 1793 1404 1848 duxit,

32 1878 82 1908 eo
104 1863 273 1909 vivente
297 1880 320 1907 a
344 1880 432 1926 quo
467 1862 640 1908 dimissa
670 1873 731 1907 est
746 1900 756 1918 ,
803 1863 949 1908 adhuc
971 1879 1076 1907 uxor
1094 1862 1232 1908 aliena
1253 1866 1340 1908 est?
1366 1863 1411 1907 Si

33 1933 245 1992 enimjam
258 1949 364 1988 suae,
376 1950 463 1977 non
476 1933 625 1979 alienae
639 1934 844 1978 miscetur
857 1934 995 1988 uxori,
1020 1933 1170 1996 utique
1187 1950 1275 1977 non
1295 1950 1410 1979 moe-

33 2002 210 2047 chatur:
229 2003 481 2048 moechatur
500 2013 643 2048 autem
666 2020 676 2047 ε
708 2003 844 2049 aliena
864 2013 943 2057 est,
959 2020 1076 2062 ergo,
1094 2003 1167 2048 cui
1184 2003 1403 2049 miscetur.

35 2072 169 2117 Porro
187 2072 222 2117 si
236 2072 373 2117 aliena
387 2083 464 2128 est,
487 2073 576 2118 hoc
594 2083 672 2128 est,
689 2076 780 2132 ejus
805 2091 825 2117 a
840 2090 928 2136 quo
946 2072 1125 2118 dimissa
1147 2082 1225 2127 est,
1243 2073 1411 2118 etiamsi

33 2153 214 2205 propter
234 2142 529 2188 fornicationis
548 2160 721 2188 causam
742 2143 917 2188 dimissa
932 2153 1010 2198 est,
1032 2142 1228 2187 nondum
1253 2142 1409 2188 dimit-

32 2212 160 2257 tentis
182 2229 286 2257 uxor
308 2229 392 2257 esse
414 2214 604 2260 cessavit.
632 2214 677 2258 Si
698 2224 841 2259 autem
864 2213 1073 2259 illiusesse
1089 2212 1293 2266 cessavit3
1316 2217 1407 2272 jam

32 2282 164 2341 hujus
182 2292 261 2337 est,
279 2282 350 2327 cui
376 2282 497 2327 alteri
520 2284 669 2346 nupsit
695 2301 705 2328 ι
728 2294 770 2328 et
793 2283 826 2328 si
844 2283 977 2343 hujus
997 2293 1075 2337 est,
1095 2299 1184 2327 non
1208 2281 1412 2327 moechus

27 2351 299 2409 judicandus
322 2362 401 2408 est‚
429 2352 500 2397 scd
520 2354 713 2399 maritus.
743 2353 827 2398 Sed
851 2355 953 2417 quia
977 2370 1062 2398 non
1082 2369 1179 2397 eum
1204 2352 1410 2396 maritum

35 2419 143 2465 dicit
166 2419 411 2482 Scriptura,
441 2423 513 2468 sed
546 2423 802 2477 moechum3
844 2424 990 2469 adhuc
1026 2422 1099 2468 illa
1123 2422 1237 2466 illius
1267 2431 1354 2476 est,
1388 2438 1411 2466 a

36 2505 122 2552 quo
147 2489 274 2533 etiam
295 2506 424 2533 causa
446 2492 744 2536 fornicitionis
763 2494 932 2551 abjecta
957 2510 995 2537 95
982 2503 1030 2537 5..ὶ
1059 2493 1114 2535 Et
1135 2490 1232 2534 ideo
1257 2507 1408 2554 quam-

35 2577 222 2664 (²11¹quss
242 2560 373 2606 etiam
396 2561 488 2624 ipse
504 2561 576 2607 illa
601 2562 774 2608 dimissa
807 2563 929 2609 ducit
956 2580 1155 2609 uxor.em
1179 2563 1283 2626 quia
1307 2579 1407 2609 cum

85 2643 211 2675 ¹Mar‹.
230 2654 271 2681 x,
298 2654 346 2673 11.
370 2641 441 2666 ——2
469 2646 540 2675 Luc.
569 2655 644 2681 Μ’,ι
676 2648 728 2678 ι8

0 315 6 663 1
269 332 325 362 nr,
360 330 597 363 commus
634 331 946 373 murmurum,
986 333 1073 364 LIB.
1116 336 1146 364 1.
1318 319 1413 382 379
