1758 3246
341 277 432 320 316
760 288 794 317 S.
839 285 1081 317 Auovsnm
1116 286 1318 317 EPISCOPI

338 354 478 399 corde.
508 352 565 397 Hi
588 363 750 415 quanto
773 353 918 413 magni
942 363 1042 398 sunt
1063 390 1074 409 ,
1100 363 1219 397 tanto
1236 351 1469 397 humilient
1492 367 1533 396 se
1551 351 1596 397 in
1617 369 1714 398 om-

338 424 491 474 nibus,
514 433 563 467 ut
583 439 728 467 coram
753 433 793 468 te
816 423 1039 468 inveniant
1069 423 1265 482 gratiam.
1306 421 1420 466 Justi
1453 431 1553 466 sunt
1593 439 1603 465 ε
1644 423 1717 469 sed

335 492 552 554 numquid
576 493 685 537 sicut
708 503 755 538 tu
772 492 1017 551 justificans
1045 492 1229 553 impium
1247 490 1264 519 1
1288 495 1306 536 ἶ)
1333 491 1451 535 Casti
1481 501 1580 535 sunt
1603 508 1614 534 :
1644 491 1717 537 sed

335 579 404 607 eos
426 562 472 606 in
506 563 698 624 peccatis
722 573 878 607 matres
903 577 1048 606 eorum
1073 561 1119 605 iu
1141 561 1271 605 uteris
1307 561 1522 605 aluerunt.
1569 560 1717 606 Sancti

334 642 434 677 sunt
458 649 467 675 :
491 631 563 677 sed
586 642 630 676 tu
656 632 784 676 etiam
809 641 980 676 sanctus
1004 629 1472 688 sanctorum.Virgines
1490 639 1590 674 sunt
1610 647 1621 674 ε
1645 629 1717 675 sed

334 702 423 746 nati
446 701 573 746 etiam
598 719 645 746 ex
671 701 912 760 virginibus
935 717 1022 744 non
1046 710 1160 744 sunt.
1189 699 1244 744 Et
1261 699 1417 761 spiritu
1439 709 1480 744 et
1502 716 1629 744 carne
1645 699 1717 744 in·-

336 771 437 830 tegri
455 781 556 815 sunt
586 788 596 814 ι
626 770 699 815 sed
727 770 917 814 Verbum
939 785 1037 813 caro
1051 768 1215 813 factum
1235 784 1322 812 non
1347 779 1461 815 sunt.
1493 770 1549 813 Et
1576 779 1718 814 tamen

332 841 500 885 discant
513 877 523 893 ,
551 857 639 885 non
660 841 715 885 ab
735 840 794 884 eis
813 839 975 902 quibus
999 850 1178 902 peccata
1194 839 1376 883 dimittis
1398 875 1409 893 ,
1428 839 1501 883 sed
1519 856 1541 883 a
1565 848 1606 883 te
1624 838 1718 901 ipso

332 912 454 968 Agno
481 910 558 954 Dei
577 946 588 965 ,
615 911 692 972 qui
712 909 826 954 tollis
848 919 1027 972 peccata
1048 908 1229 964 mundi,
1260 906 1602 974 quoniamxmitis
1618 924 1660 952 es
1677 918 1719 952 et

330 979 509 1024 humilis
534 980 678 1025 corde.

394 1050 644 1096 XXXVHI.
690 1050 789 1095 Non
808 1067 885 1108 ego
906 1059 945 1094 te
968 1085 978 1103 ‚
1007 1049 1152 1094 anima
1169 1049 1241 1112 pie
1262 1048 1426 1111 pudica
1449 1084 1460 1104 ‚
1497 1063 1598 1110 quae
1634 1064 1717 1110 ap-

328 1120 516 1182 petitum
537 1119 754 1164 carnalem
774 1137 853 1164 nec
875 1136 1011 1182 usque
1032 1119 1085 1164 ad
1101 1135 1352 1164 concessum
1377 1117 1628 1177 conjugium
1652 1133 1718 1162 re-

330 1190 496 1244 laxasti,
510 1207 608 1253 quae
627 1189 901 1235 decessurum
917 1206 1077 1251 corpus
1092 1206 1171 1234 nec
1187 1188 1421 1233 successori
1433 1186 1717 1252 propagando

330 1259 545 1305 indulsisti
564 1297 574 1316 ‚
597 1277 697 1322 quae
717 1259 932 1305 fluitantia
951 1259 1147 1303 membra
1172 1269 1336 1302 terrena
1354 1259 1400 1302 in
1413 1257 1515 1302 coeli
1540 1273 1719 1301 consue-

332 1330 525 1376 tudinem
545 1331 805 1394 suspendisti
830 1349 840 1375 :
862 1347 950 1375 non
971 1346 1048 1389 ego
1079 1340 1115 1373 te
1131 1366 1141 1384 ,
1166 1339 1212 1373 ut
1230 1328 1369 1373 discas
1391 1327 1684 1372 humilitatem
1703 1364 1713 1383 ‚

332 1401 383 1446 ad
408 1401 670 1464 publicanos
686 1411 728 1445 et
748 1411 997 1463 peccatores
1021 1400 1146 1444 mitto
1162 1436 1172 1455 ,
1203 1399 1279 1461 qui
1300 1408 1444 1442 tamen
1470 1397 1515 1441 in
1536 1413 1717 1456 regnum

330 1471 543 1516 coelorum
566 1470 826 1533 praecedunt
849 1470 1060 1532 superbos
1081 1489 1091 1521 ;
1114 1486 1201 1513 non
1226 1478 1266 1512 te
1286 1467 1340 1512 ad
1360 1466 1442 1511 hos
1461 1466 1586 1511 mitto
1620 1484 1629 1510 ε
1654 1467 1717 1512 in-

328 1540 445 1599 digni
466 1551 566 1584 sunt
583 1540 696 1584 enim
710 1541 788 1602 qui
809 1540 864 1584 ab
885 1537 1177 1583 immunditiae
1190 1537 1392 1595 voragine
1410 1536 1583 1581 liberati
1597 1547 1714 1592 sunt,

332 1621 379 1654 ut
404 1610 457 1655 ad
474 1627 544 1654 cos
564 1609 801 1654 imitandos
815 1609 1012 1653 mittatur
1023 1607 1193 1652 illibata
1206 1606 1431 1665 virginitas
1452 1623 1462 1650 :
1481 1605 1535 1651 ad
1556 1607 1717 1665 Regem

330 1679 432 1724 coeli
457 1690 497 1724 te
521 1679 646 1723 mitto
665 1717 675 1735 ‚
705 1679 759 1724 ad
784 1695 879 1723 eum
907 1695 984 1740 per
1007 1694 1135 1739 quem
1159 1676 1291 1721 creati
1315 1686 1415 1721 sunt
1433 1675 1647 1731 homines,
1675 1686 1718 1721 et

329 1749 403 1811 qui
424 1759 590 1794 creatus
606 1759 669 1793 est
685 1749 796 1793 inter
815 1747 1012 1792 homines
1034 1757 1214 1809 propter
1230 1746 1428 1790 homines
1445 1783 1456 1796 ,
1483 1745 1537 1790 ad
1552 1747 1717 1808 specio·

330 1835 423 1862 sum
446 1817 585 1864 forma
605 1835 700 1881 prae
723 1818 823 1863 filiis
840 1816 1123 1869 hominum2,
1159 1825 1200 1859 et
1240 1826 1541 1878 contemptum
1566 1834 1588 1860 a
1616 1815 1717 1860 filiis

328 1888 559 1933 hominum
584 1905 665 1951 pro
689 1888 788 1932 filiis
805 1887 1037 1932 hominum
1057 1923 1067 1941 ‚
1097 1885 1151 1930 ad
1171 1902 1270 1930 eum
1290 1885 1366 1947 qui
1384 1885 1614 1930 dominans
1629 1886 1716 1931 An-

331 1958 433 2017 gelis
458 1957 778 2003 immortalibus
800 1994 810 2011 ‚
837 1974 926 2001 non
948 1956 1204 2015 dedignatus
1229 1965 1291 2000 est
1325 1955 1482 1999 servire
1515 1954 1716 1999 mortali-

330 2029 426 2074 bus.
449 2030 563 2073 Eum
581 2038 694 2073 certe
711 2027 922 2073 humilem
943 2044 1032 2072 non
1048 2026 1270 2089 iniquitas,
1291 2025 1365 2070 scd
1385 2024 1574 2070 charitas
1588 2024 1713 2078 secit3

329 2098 572 2143 «Charitas
602 2115 701 2160 quae
736 2115 825 2142 non
856 2097 1105 2151 aemulatur,
1124 2095 1420 2148 noninflatur‚
1452 2112 1540 2140 non
1560 2095 1715 2157 quaerit

330 2189 351 2208 υ
373 2184 473 2230 quae
493 2185 566 2213 sua
587 2178 686 2212 sunt
702 2167 718 2195 3
744 2185 753 2211 ε
779 2189 798 2207 »
823 2167 924 2229 quia
945 2188 964 2207 «
978 2168 1031 2211 Et
1057 2165 1258 2210 Christus
1282 2182 1370 2210 non
1391 2164 1475 2209 sibi
1496 2164 1712 2227 placuit&

333 2260 352 2277 »
376 2237 448 2282 sed
489 2237 602 2282 sicut
643 2237 855 2299 scriptum
895 2236 949 2281 de
982 2235 1056 2280 illo
1099 2246 1159 2280 cst
1176 2272 1186 2289 ,
1224 2256 1244 2275 α
1277 2233 1534 2297 Opprobria
1567 2250 1716 2296 expro-

332 2333 351 2348 υ
377 2307 601 2353 brantium
628 2307 711 2352 tibi
730 2305 985 2352 ceciderunt
1004 2322 1134 2368 super
1152 2304 1264 2351 me5.
1292 2303 1410 2349 Vade
1430 2340 1442 2359 ,
1467 2303 1566 2348 veni
1586 2303 1640 2347 ad
1656 2303 1714 2349 il-

329 2378 421 2423 lum
441 2414 452 2433 ‚
476 2388 517 2422 et
541 2377 656 2423 disce
683 2376 890 2440 quoniam
914 2376 1030 2421 mitis
1050 2387 1112 2421 est
1143 2385 1183 2420 et
1207 2374 1386 2419 humilis
1423 2372 1567 2418 corde.
1615 2374 1713 2418 Non

330 2448 413 2493 ibis
424 2447 585 2493 adeum
603 2446 840 2510 quioculos
859 2446 912 2491 ad
930 2445 1094 2491 coelum
1112 2445 1255 2491 levare
1276 2460 1362 2488 non
1382 2441 1572 2487 audebat
1587 2458 1714 2487 onere

380 2537 387 2556 ¹
412 2535 534 2572 Psals„
554 2546 582 2574 7.
600 2533 677 2559 ——2
698 2534 734 2565 Id
767 2545 857 2575 >ir-tv,
881 2536 913 2567 3.
943 2553 977 2557 ν-
1004 2531 1018 2554 3
1050 2545 1058 2563 ι
1091 2537 1314 2573 ‹jo1·..x111‚2.
1340 2549 1372 2554 --
1397 2528 1409 2551 ⁴
1429 2532 1522 2563 Rom.
1548 2540 1600 2567 xv,
1624 2531 1651 2560 3.
1669 2548 1710 2553 —

327 2588 337 2607 ²¹
362 2588 436 2618 psal..
454 2599 568 2622 xxxin,
596 2600 644 2619 w.
