1758 3246
319 302 411 357 458
739 316 774 343 S.
818 314 1059 344 AUGUsTtNJ
1097 315 1294 343 Episcopi

316 380 485 426 trahere
510 397 521 424 ε
545 378 663 442 quod
682 378 791 425 dicit
810 379 1047 424 obscurum
1065 388 1105 423 et
1133 380 1354 425 oecultum
1380 380 1470 426 Deo
1488 395 1574 428 esse
1590 399 1676 431 non

316 468 452 515 posse.
1755 478 1758 502 3

381 522 584 567 XXXIV.
628 522 740 566 Nam
763 518 883 582 quod
902 518 984 564 alio
1007 518 1102 564 loco
1123 520 1333 584 scriptum
1355 533 1442 567 est:
1467 522 1566 568 Noli
1582 523 1690 569 velle
1756 519 1758 572 ξ

315 613 336 633 »
359 591 533 636 mentiri
555 608 681 636 omne
706 589 984 635 mendacium
1001 587 1018 616 1
1044 606 1054 633 ε
1081 611 1100 630 »
1126 606 1214 634 non
1244 590 1297 635 ad
1325 592 1411 636 hoc
1437 592 1592 638 volunt
1610 610 1692 638 va-
1756 610 1758 650 ζ

315 662 399 707 lere
415 699 426 718 ,
449 672 497 707 ut
515 661 635 706 nullo
659 659 885 705 mendacio
907 659 1138 721 quisquam
1151 661 1398 705 mentiatur.
1429 663 1580 725 ltaque
1592 680 1692 708 cum
1756 662 1758 716 ξ

317 732 425 778 alius
451 732 624 786 dixerit,
654 749 700 776 ex
723 731 803 775 isto
823 730 1064 792 Scripturae
1083 730 1324 775 testimonio
1345 748 1479 794 usque
1501 732 1606 777 adeo
1624 750 1693 792 ge·
1757 729 1758 734 ¹

315 802 517 847 neraliter
541 818 667 845 omne
690 799 968 844 mendacium
992 815 1077 843 esse
1099 798 1399 845 detestandum
1423 837 1433 855 ‚
1465 811 1514 846 ut
1531 801 1697 846 etiamsi

314 871 410 934 quis
444 871 616 916 mentiri
644 869 748 914 velit
771 905 782 924 ‚
809 869 977 913 etiamsi
993 885 1080 913 non
1104 868 1337 913 mentiatur
1354 906 1365 924 ‚
1381 873 1473 928 jam
1499 871 1698 916 voluntas

313 942 405 1004 ipsa
442 939 690 986 damnanda
727 939 806 993 sit3
848 949 976 1001 atque
1007 937 1060 982 ad
1091 937 1178 982 hoc
1211 938 1545 1001 interpretetur,
1579 939 1698 1002 quod

313 1028 401 1057 non
428 1011 596 1056 dictum
621 1021 682 1055 est
717 1027 726 1054 :
765 1009 864 1054 Noli
891 1007 1064 1053 mentiri
1094 1025 1220 1053 omne
1243 1007 1520 1054 mendacium
1546 1029 1557 1062 3
1593 1009 1665 1054 sed
1684 1045 1694 1058 ,

319 1104 339 1123 »
365 1082 465 1127 Noli
487 1081 594 1127 velle
627 1079 802 1126 mentiri
825 1095 952 1124 omne
974 1077 1252 1123 mendacium
1270 1097 1281 1130 3
1302 1099 1322 1118 ›>
1360 1089 1410 1123 ut
1441 1096 1528 1123 non
1558 1078 1698 1124 solum

317 1151 490 1196 mentiri
510 1188 519 1207 ‚
546 1151 620 1196 sed
646 1167 724 1195 nee
748 1148 856 1195 velle
880 1147 1051 1193 mentiri
1078 1147 1260 1210 quisque
1287 1147 1445 1193 audeat
1465 1148 1553 1194 ullo
1574 1165 1701 1193 men-

319 1221 460 1268 dacio.
490 1221 608 1266 Dicit
628 1220 734 1266 alius
767 1236 777 1262 :
814 1219 908 1262 Imo
929 1217 1048 1280 quod
1075 1217 1134 1261 ait
1170 1234 1180 1261 :
1218 1216 1351 1261 «Noli
1388 1217 1496 1262 velle
1531 1217 1704 1262 mentiri

320 1313 341 1334 »
366 1309 492 1336 omne
512 1290 803 1336 mendacium.
831 1309 850 1327 »
869 1287 922 1332 de
940 1303 1011 1331 ore
1030 1285 1172 1331 cordis
1186 1286 1556 1331 exterminandum
1576 1297 1705 1349 atque

322 1361 598 1406 alienandum
615 1377 701 1404 esse
716 1356 991 1403 mendacium
1013 1355 1153 1399 voluit
1171 1375 1182 1407 3
1202 1365 1251 1399 ut
1268 1373 1290 1399 a
1305 1355 1567 1417 quibusdam
1586 1373 1704 1400 men-

323 1432 456 1477 daciis
470 1449 541 1476 ore
558 1430 751 1492 corporis
766 1425 1069 1472 abstinendum
1083 1425 1154 1479 sit,
1172 1425 1286 1469 sicut
1297 1423 1372 1469 illa
1388 1435 1487 1470 sunt
1502 1426 1702 1480 maxime,

323 1517 424 1564 quae
448 1501 668 1563 pertinent
683 1498 737 1543 ad
749 1496 995 1541 doctrinam
1015 1494 1261 1553 religionis3
1286 1511 1306 1538 a
1329 1494 1592 1556 quibusdam
1604 1511 1706 1539 vero

324 1588 411 1616 non
435 1571 490 1616 sit
501 1587 573 1615 ore
589 1568 783 1631 corporis
803 1564 1131 1617 abstinendum,
1152 1564 1186 1608 si
1201 1565 1376 1623 maJ'oris
1396 1564 1497 1609 mali
1516 1563 1708 1610 evitandi

329 1658 458 1686 causa
477 1640 630 1700 exigit3
654 1656 725 1684 ore
744 1647 888 1683 autem
907 1634 1051 1680 cordis
1072 1635 1127 1679 ab
1147 1634 1266 1679 omni
1286 1634 1512 1680 mendacio
1535 1633 1708 1698 penitus

329 1712 543 1757 abstinere
582 1711 831 1755 debeamus.
878 1706 962 1751 Ubi
987 1715 1160 1768 oportet
1183 1704 1364 1764 intelligi
1397 1703 1516 1768 quod
1541 1705 1709 1750 dictum

329 1793 391 1828 est
417 1800 427 1826 :
457 1803 476 1822 r<
492 1781 589 1826 'Noli
613 1780 721 1825 velle
745 1796 755 1823 :
776 1800 795 1819 ›>
819 1777 1021 1822 voluntas
1044 1775 1211 1839 quippe
1239 1774 1331 1837 ipsa
1356 1775 1479 1837 quasi
1498 1791 1544 1820 os
1568 1774 1710 1819 cordis

332 1854 563 1917 accipitur,
588 1863 636 1897 ut
655 1868 742 1896 non
763 1848 977 1912 pertineat
1002 1846 1056 1891 ad
1077 1863 1122 1891 os
1140 1844 1284 1890 cordis
1301 1881 1312 1900 ‚
1335 1862 1436 1890 cum
1460 1849 1600 1904 maJus
1617 1862 1710 1890 ma-

331 1924 424 1970 lum
448 1933 648 1969 caventes
666 1919 901 1966 mentimur
923 1916 1063 1963 inviti.
1107 1917 1182 1960 Est
1205 1925 1247 1959 et
1268 1915 1415 1960 tertius
1434 1913 1677 1960 intellectus
1698 1951 1708 1970 ,

333 2012 421 2059 quo
433 1995 493 2040 sic
505 1993 693 2056 accipias
707 1989 1039 2043 :c‹Nolimn11e‚»
1051 1997 1099 2032 ut
1112 1985 1297 2048 exceptis
1310 1985 1526 2048 aliquibus
1538 1985 1714 2031 menda-

335 2065 592 2112 ciismentiri
604 2075 643 2108 te
654 2063 779 2108 sinat.
807 2061 1036 2123 Tanquam
1055 2057 1286 2103 sidiceret:
1308 2056 1408 2101 Noli
1418 2056 1526 2101 velle
1543 2055 1715 2101 credere

334 2136 452 2182 omni
477 2133 647 2180 homini
674 2149 685 2176 x
711 2148 798 2176 non
828 2130 978 2192 utique
1010 2139 1058 2173 ut
1087 2127 1196 2172 nulli
1219 2125 1467 2171 crederetur
1484 2136 1677 2171 moneret
1700 2145 1712 2178 ;

333 2205 407 2251 sed
432 2215 481 2250 ut
499 2221 588 2249 non
611 2201 815 2247 omnibus
831 2237 842 2255 ‚
877 2198 1098 2261 aliquibus
1123 2206 1265 2241 autem
1288 2195 1548 2241 crederetur.
1593 2196 1647 2240 Et
1670 2193 1716 2240 id

333 2274 454 2339 quod
479 2272 671 2336 sequitur
714 2287 725 2314 :
765 2291 785 2310 «
811 2268 1046 2314 Assiduitas
1071 2267 1185 2311 enim
1209 2269 1301 2325 ejus
1328 2282 1416 2309 non
1436 2265 1638 2327 proficiet
1661 2263 1717 2309 ad

337 2367 357 2387 ))
381 2345 548 2390 bonum
566 2379 576 2398 ‚
603 2364 622 2382 »
645 2341 706 2386 ita
723 2349 873 2394 sonat,
901 2337 1024 2400 quasi
1044 2353 1133 2382 non
1154 2354 1177 2381 a
1202 2334 1428 2380 mendacio
1446 2371 1456 2389 ‚
1483 2330 1555 2379 sed
1575 2335 1630 2379 ab
1655 2352 1717 2379 as-

337 2415 463 2461 siduo
483 2411 709 2459 mendacio
725 2447 736 2465 ,
758 2409 802 2454 id
822 2419 901 2463 est,
925 2426 947 2453 a
965 2405 1276 2453 consuetudine
1296 2415 1424 2467 atque
1441 2421 1583 2449 amore
1600 2422 1718 2449 men-

341 2484 475 2530 tiendi
498 2481 734 2546 prohibere
754 2478 966 2525 videatur.
995 2477 1096 2533 Quo
1120 2473 1316 2539 profecto
1334 2473 1578 2528 delabetur,
1595 2473 1718 2536 quis-

337 2555 434 2618 quis
455 2553 518 2598 vel
536 2551 654 2598 omni
678 2548 904 2595 mendacio
928 2545 1145 2611 putaverit
1168 2543 1436 2591 abutendum
1458 2561 1469 2588 ι
1496 2543 1586 2606 (ita
1603 2543 1719 2589 enim

387 2638 397 2658 ¹
419 2636 509 2667 Eccli.
531 2646 585 2671 xix,
610 2641 661 2670 14.
683 2652 722 2656 ——
738 2630 752 2652 ²
773 2630 854 2662 ibid.
