1758 3246
338 297 425 351 144
749 313 785 341 s.
829 311 1069 341 Atetsrlxl
1106 312 1309 342 EPISCOPI

328 375 426 419 buit
444 374 668 437 Scriptura
689 374 858 431 divina,
881 387 930 421 ut
953 394 1096 422 earum
1124 375 1428 423 tantummodo
1444 374 1638 422 fructum
1655 392 1696 421 se

328 444 644 506 imputaturum
694 446 959 507 praenuntiet
996 447 1208 491 Dominus
1247 446 1402 491 dextris
1421 482 1431 497 ,
1476 455 1517 490 et
1549 461 1697 489 earum

330 514 633 559 tantummodo
652 515 916 560 sterilitatem
940 515 1140 570 sinistris,
1184 516 1361 578 quando
1402 515 1470 560 his
1504 514 1699 560 dicturus

330 594 392 628 est
410 602 421 628 ε
439 606 458 624 «
480 585 647 640 Venite,
668 585 887 629 benedicti
912 585 1052 629 Patris
1074 586 1174 639 mei5
1198 586 1426 648 percipite,
1456 600 1635 644 regnum
1652 603 1696 637 »3

326 653 410 699 illis
430 665 571 699 autem
591 673 601 699 ε
623 676 643 695 α
665 656 729 699 lte
753 655 796 698 in
817 655 959 713 ignem
977 665 1188 699 aeternum
1202 653 1234 699 ¹.
1255 676 1275 695 »

390 724 510 770 xlx.
555 724 664 768 Sane
682 723 923 768 cavendum
948 734 1009 768 est
1025 761 1035 778 ‚
1063 741 1115 768 ne
1137 723 1369 786 quisquam
1407 724 1616 768 existimet
1634 723 1697 767 in-

324 792 454 838 fanda
476 793 548 837 illa
580 793 762 837 crimina
780 829 789 847 ‚
816 793 960 855 qualia
997 794 1073 856 qui
1108 803 1264 852 agunt,
1292 809 1471 851 regnum
1496 791 1576 836 Dei
1608 807 1697 836 non

324 862 631 925 possidebunt,
653 862 847 924 quotidie
870 861 1162 924 perpetranda
1177 899 1187 918 ‚
1214 873 1255 906 et
1289 861 1567 923 eleemosynis
1587 876 1700 922 quo-

325 931 430 977 tidie
456 932 719 977 redimenda.
750 933 802 976 ln
821 932 972 976 melius
998 932 1164 994 quippe
1188 941 1251 976 est
1288 931 1376 977 vita
1397 929 1606 976 mutanda
1624 966 1635 985 ,
1661 939 1703 974 et

322 1019 400 1064 per
425 1001 711 1065 eleemosynas
739 1000 791 1045 de
819 1002 1011 1064 peccatis
1044 1001 1274 1064 praeteritis
1296 1011 1357 1045 est
1397 998 1702 1063 propitiandus

324 1072 462 1126 Deus3
490 1090 577 1118 non
595 1072 646 1118 ad
668 1072 755 1117 hoc
780 1072 985 1117 emendus
1001 1072 1192 1135 quodam
1212 1071 1367 1124 mod03
1392 1081 1442 1115 ut
1465 1087 1513 1115 ea
1532 1085 1702 1132 semper
1748 1091 1752 1130 3

322 1141 447 1187 liceat
464 1143 642 1205 impune
661 1142 943 1187 committere.
960 1142 1166 1186 «Nemini
1200 1142 1315 1186 enim
1336 1139 1456 1185 dedit
1476 1139 1697 1184 laxamen-
1748 1134 1751 1188 ξ

325 1230 346 1250 ›>
370 1221 464 1254 tum
489 1211 705 1271 peccandi
723 1212 740 1239 2
765 1229 774 1254 :
803 1233 823 1252 ›>
850 1211 1048 1271 quamtis
1069 1210 1313 1255 miserando
1330 1209 1470 1254 deleat
1485 1212 1576 1268 jam
1587 1206 1703 1253 facta

322 1290 503 1341 peccata
530 1315 540 1334 ‚
561 1280 594 1323 si
622 1295 708 1324 non
732 1278 966 1323 satisfactio
990 1295 1181 1336 congrua
1206 1278 1461 1336 negligatur.
1496 1279 1559 1322 De
1584 1293 1700 1339 quo-

324 1348 499 1394 tidianis
519 1358 662 1393 autem
679 1348 886 1393 brevibus
904 1347 1159 1410 levibusque
1180 1347 1371 1410 peccatis
1389 1384 1398 1401 ‚
1428 1347 1518 1391 sine
1541 1346 1703 1409 quibus

321 1417 420 1463 haec
455 1418 544 1463 vita
563 1435 651 1462 non
674 1417 868 1473 ducitur,
911 1417 1164 1480 quotidiana
1187 1416 1384 1462 fidelium
1410 1416 1548 1461 oratio
1583 1416 1701 1461 satis-

323 1487 441 1534 facit.
467 1488 632 1532 Eorum
644 1498 705 1532 est
719 1487 834 1532 enim
849 1486 990 1532 dicere
1008 1505 1018 1530 ε
1039 1509 1058 1527 «
1075 1488 1203 1531 Pater
1218 1497 1379 1541 noster„
1395 1485 1471 1548 qui
1489 1502 1531 1530 es
1547 1485 1591 1530 in
1613 1501 1702 1531 coe-

323 1579 344 1599 »
364 1558 416 1602 lis
434 1594 445 1613 ,
460 1579 480 1598 ›>
503 1558 578 1619 qui
599 1561 687 1616 jam
713 1557 836 1601 Patri
863 1557 937 1602 tali
961 1557 1195 1615 regenerati
1217 1567 1318 1601 sunt
1333 1573 1382 1600 ex
1403 1572 1514 1618 aqua
1533 1566 1575 1600 et
1595 1555 1702 1618 Spi-

318 1629 418 1674 ritu.
461 1626 584 1672 Delet
627 1627 804 1672 omnino
838 1627 937 1673 haec
983 1627 1134 1672 Oratio
1170 1627 1351 1672 minima
1374 1635 1416 1670 et
1444 1625 1701 1689 quotidiana

315 1709 507 1763 peccata.
537 1697 658 1743 Dolet
680 1708 721 1742 et
743 1697 815 1742 illa
831 1735 841 1753 ,
870 1716 891 1742 a
908 1698 1069 1760 quibus
1088 1698 1175 1743 vita
1195 1696 1391 1741 fidelium
1410 1696 1539 1740 etiam
1562 1694 1701 1740 scele-

320 1780 410 1814 rate
430 1779 543 1828 gesta
560 1805 569 1823 ,
592 1767 666 1813 sed
688 1767 945 1831 poenitendo
965 1768 1010 1812 in
1033 1767 1183 1812 melius
1213 1776 1379 1811 mutata
1403 1764 1586 1810 discedit
1608 1782 1618 1809 :
1653 1763 1701 1810 Si

321 1838 692 1902 quemadmodum
711 1838 920 1883 veraciter
941 1837 1103 1882 dicitur
1121 1855 1131 1880 :
1160 1857 1180 1877 c<
1198 1835 1379 1880 Dimitte
1399 1833 1529 1878 nobis
1551 1833 1699 1878 debita

320 1933 342 1954 »
367 1923 529 1967 nostra,
558 1934 577 1953 »
599 1909 806 1974 quoniam
823 1927 914 1955 non
930 1909 1085 1955 desunt
1106 1925 1204 1971 quae
1226 1907 1529 1952 dimittantur:
1550 1906 1610 1951 ita
1628 1922 1700 1951 ve-

320 1983 475 2028 raciter
510 1982 707 2028 dicatur:
737 2002 756 2021 α
787 1980 909 2025 Sicut
934 1991 976 2025 et
1014 1997 1094 2025 nos
1130 1978 1393 2024 dimittimus
1426 1975 1699 2021 debitoribus

320 2073 342 2094 »
365 2052 520 2097 nostris
537 2052 578 2104 ὅ;
602 2051 647 2096 id
671 2061 731 2096 est
748 2088 758 2107 ,
786 2051 819 2096 si
834 2051 912 2094 fiat
937 2049 1056 2113 quod
1078 2049 1271 2102 dicitur3
1300 2047 1402 2110 quia
1425 2056 1466 2090 et
1481 2045 1576 2108 ipsa
1593 2044 1699 2090 elee-

318 2139 497 2185 mosyna
517 2132 605 2177 est,
627 2121 797 2166 veniam
831 2120 997 2184 petenti
1034 2119 1204 2164 homini
1247 2119 1482 2177 ignoscere.
1528 2116 1591 2160 Ac
1620 2130 1699 2177 per

318 2192 406 2237 hoc
429 2192 483 2237 ad
509 2192 653 2237 omnia
692 2208 791 2253 quae
838 2191 935 2236 utili
959 2187 1256 2236 misericordia
1280 2188 1409 2241 fiunt,
1440 2184 1555 2231 Valet
1577 2183 1697 2246 quod

319 2261 531 2306 Dominus
558 2261 642 2306 ait:
667 2262 816 2305 «Date
839 2260 1154 2322 eleemosynam
1172 2267 1213 2302 et
1232 2273 1330 2302 ecce
1358 2254 1503 2300 omnia
1528 2251 1694 2298 munda

321 2352 342 2372 ›>
367 2341 467 2375 sunt
479 2330 604 2376 vobis
620 2329 653 2376 Δ.
686 2351 706 2370 »
728 2330 826 2374 Non
850 2329 987 2374 solum
1008 2345 1107 2387 ergo
1119 2327 1193 2390 qui
1212 2326 1286 2370 dat
1299 2323 1502 2370 esurienti
1525 2322 1693 2376 cibum,

319 2400 479 2445 sitienti
509 2409 661 2462 potum
683 2436 693 2454 ‚
720 2398 840 2444 nudo
869 2399 1170 2443 vestimentum
1190 2432 1200 2449 ‚
1228 2392 1519 2457 peregrinanti
1540 2390 1696 2452 hospi-

319 2470 426 2515 tium
447 2507 457 2526 ,
483 2469 664 2529 fugienti
682 2467 917 2514 latibulum
940 2505 950 2524 ,
992 2477 1154 2527 aegroto
1179 2463 1248 2511 vel
1285 2462 1453 2508 incluso
1487 2459 1696 2507 visitatio-

366 2566 375 2587 ¹
399 2562 514 2596 Mattb.
536 2573 610 2602 xxv,
634 2565 752 2600 34-41.
766 2580 811 2587 —
837 2562 851 2585 2
866 2562 964 2596 Eccli.
984 2573 1035 2601 xv,
1054 2571 1108 2591 21.
1128 2576 1173 2583 —
1191 2556 1205 2581 3
1221 2555 1338 2590 Mauh.
1357 2564 1567 2595 v1,9-12.-
1581 2549 1595 2576 ⁴
1610 2554 1691 2584 Luc.

318 2622 452 2652 xx‚41.
