1758 3246
333 293 422 340 352
757 309 790 338 5.
834 308 1075 338 Aucus'rim
1111 308 1313 338 EPISCOPI

328 373 534 437 quoniam
551 381 651 416 sunt
660 371 863 433 quaedam
879 373 925 417 in
942 373 1029 417 hoc
1049 390 1198 431 genere
1216 373 1420 418 sermonis
1435 372 1701 421 difficillimae

329 442 614 505 quaestiones,
654 441 817 504 aliquid
855 442 1042 504 amplius
1076 460 1205 505 quam
1233 443 1351 505 quod
1381 442 1435 488 ad
1465 453 1502 487 te
1524 445 1700 506 proprie

330 512 542 575 pertinet,
566 511 709 556 dicere
732 511 876 567 volui,
913 522 1094 574 propter
1124 513 1334 574 quosdam
1361 513 1439 576 qui
1465 512 1549 557 sibi
1582 512 1701 559 docti

326 600 414 630 non
425 581 646 637 videntur,
667 582 749 626 nisi
771 581 930 626 alienos
946 581 1115 627 labores
1135 599 1221 627 non
1229 583 1472 641 judicando
1491 593 1701 628 conentur

326 653 536 699 discutere
551 689 561 708 ‚
589 651 662 696 sed
684 651 912 696 lacerando
938 652 1216 697 conscindere
1240 670 1250 696 z
1269 652 1425 699 deinde
1442 664 1491 698 ut
1506 654 1634 698 etiam
1652 664 1699 699 tu

322 725 417 786 ipsa
440 740 528 768 non
549 721 688 767 solum
709 738 845 767 serves
867 720 987 783 quod
1011 721 1191 778 vovisti,
1219 732 1260 767 et
1287 723 1333 767 in
1356 741 1404 768 eo
1422 724 1541 768 bono
1558 724 1699 786 pross-

321 794 430 846 cias;
464 791 744 838 verumetiam
777 790 1024 849 diligentius
1063 791 1316 854 firmiusque
1340 793 1541 848 noveris,
1580 793 1694 838 idem

321 863 487 907 bonum
508 872 633 906 tuum
657 877 745 905 non
770 878 792 905 a
815 860 928 905 malo
953 861 1208 923 nuptiarum
1233 861 1466 922 distingui,
1490 862 1562 907 sed
1582 863 1699 908 bono

320 931 575 995 nuptiarum
599 930 817 992 anteponi.
858 932 970 976 Nam
1003 931 1080 994 qui
1110 931 1391 978 viduatarum
1415 932 1698 978 foeminarum

320 1003 492 1065 nuptias
514 1001 723 1046 damnant
740 1037 751 1056 ,
773 1001 939 1047 etiamsi
961 1002 1269 1047 continentiam
1291 1019 1411 1047 suam
1432 1002 1695 1059 multarum,

317 1072 479 1135 quibus
502 1082 550 1116 tu
575 1070 704 1116 uteris
721 1108 732 1127 ,
759 1087 904 1116 rerum
923 1071 1182 1116 abstinentia
1202 1071 1458 1116 mirabiliter
1474 1082 1516 1116 et
1534 1071 1698 1119 ferven-

318 1152 380 1187 ter
412 1152 633 1187 exerceant
652 1186 661 1196 s
701 1157 789 1186 non
824 1140 921 1185 ideo
959 1152 999 1186 te
1035 1141 1270 1196 seducant,
1307 1152 1355 1186 ut
1387 1142 1540 1187 sentias
1577 1142 1697 1204 quod

317 1212 508 1258 sentiunt
525 1248 535 1266 ,
574 1211 742 1255 etiamsi
762 1210 902 1255 facere
926 1228 1012 1255 non
1042 1211 1174 1273 possis
1198 1211 1318 1273 quod
1340 1212 1520 1258 faciunt.
1561 1212 1697 1257 Nemo
1756 1263 1758 1271 ἲ

316 1281 431 1327 0111111
451 1280 548 1326 vult
564 1297 649 1324 esse
666 1279 946 1342 phreneticus
961 1316 971 1334 ,
991 1279 1156 1324 etiamsi
1170 1279 1314 1325 videat
1331 1281 1575 1343 phrenetici
1587 1281 1696 1326 vires

314 1351 482 1398 viribus
506 1366 708 1395 sanorum
729 1366 812 1395 0550
832 1350 1044 1396 fortiores.
1089 1350 1318 1412 Praecipue
1341 1350 1474 1409 igitur
1497 1350 1696 1396 doctrina
1756 1360 1758 1371 ²

313 1420 660 1466 sanabonitatem
673 1419 885 1481 propositi
899 1429 939 1464 et
951 1429 1073 1464 ornet
1084 1429 1124 1463 et
1135 1418 1316 1464 muniat.
1332 1418 1438 1463 inde
1453 1429 1513 1464 est
1528 1420 1695 1482 quippe
1755 1417 1758 1481 j

312 1489 433 1553 quod
455 1488 684 1533 catholicae
704 1487 898 1533 foemina-3
917 1489 1044 1533 etiam
1068 1488 1228 1550 saepius
1245 1499 1398 1551 nuptae
1413 1525 1424 1544 ‚
1446 1505 1534 1533 non
1554 1488 1694 1534 solum
1754 1486 1758 1514 ἐ

316 1559 494 1605 univiris
514 1557 657 1603 viduis
679 1595 690 1613 ‚
719 1557 791 1603 sed
816 1568 858 1602 et
876 1558 1117 1617 virginibus
1137 1558 1446 1603 haereticorum
1475 1561 1592 1617 justo
1614 1562 1692 1618 ju-
1754 1573 1756 1610 ζ

312 1629 426 1674 (11010
446 1628 754 1691 praeferuntur.
778 1628 907 1673 Multi
922 1640 1021 1674 sunt
1036 1628 1213 1691 quidem
1231 1628 1284 1674 de
1298 1629 1367 1674 his
1388 1629 1528 1673 tribus
1540 1629 1688 1686 rebus,
1753 1617 1756 1658 }

312 1699 527 1758 conjugii,
555 1697 781 1744 viduitatis
819 1708 860 1742 et
894 1698 1154 1757 virginitatis
1173 1735 1183 1754 ,
1213 1698 1505 1761 quaestionum
1544 1698 1686 1754 sinus,
1752 1704 1755 1746 i

311 1769 462 1814 multae
483 1767 787 1831 perplexitates
820 1786 829 1812 :
863 1769 1024 1830 quibus
1048 1767 1316 1831 disputando
1331 1767 1609 1830 penetrandis
1623 1768 1690 1814 vel
1751 1792 1754 1807 ε

310 1837 592 1884 dissolvendis
607 1874 618 1894 ,
640 1849 680 1883 et
697 1842 859 1897 majore
881 1855 985 1884 cura
1002 1855 1113 1901 opus
1145 1848 1234 1887 051,
1262 1849 1304 1883 et
1327 1838 1567 1900 copiosiore
1597 1855 1688 1883 ser-
1750 1855 1758 1895 ἓξ

309 1926 463 1961 1110110;
490 1919 539 1953 ut
559 1908 627 1953 101
649 1908 695 1953 111
720 1909 922 1953 omnibus
945 1909 1002 1954 eis
1027 1919 1141 1953 recte
1164 1908 1380 1970 sapiamus
1395 1944 1407 1964 ‚
1432 1907 1503 1954 vel
1524 1908 1558 1952 si
1578 1908 1687 1969 quid
1750 1910 1758 1970 5}

309 1978 435 2025 aliter
445 1978 654 2040 sapimus,
667 1977 712 2022 id
723 1995 898 2043 quoque
912 1978 1040 2023 nobis
1056 1979 1169 2023 Deus
1179 1977 1347 2024 revelet.
1358 1977 1681 2033 Verumtamen,
1749 2037 1752 2042 Α

306 2047 426 2112 quod
446 2048 574 2092 etiam
597 2047 688 2093 illic
711 2058 1020 2111 consequenter
1037 2047 1146 2093 dicit
1164 2047 1398 2110 Apostolus
1420 2064 1430 2091 ε
1449 2067 1470 2089 <‹
1492 2048 1544 2091 In
1564 2045 1685 2109 quod

308 2140 327 2159 »
352 2118 628 2181 pervenimus
645 2154 656 2173 ‚
685 2117 730 2163 in
752 2135 800 2162 eo
820 2118 1092 2163 ambulemus
1106 2117 1140 2163 4.
1159 2139 1179 2159 ›>
1203 2117 1483 2162 Pervenimus
1507 2127 1649 2161 autem
1668 2153 1680 2173 ‚

306 2187 426 2250 quod
450 2186 505 2232 ad
533 2186 649 2231 hanc
685 2203 775 2232 rem
800 2187 853 2232 de
883 2204 970 2250 qua
992 2187 1214 2250 loquimur
1250 2187 1401 2232 attinet
1423 2224 1434 2242 ,
1465 2197 1514 2232 ut
1537 2186 1682 2231 comi--
1747 2223 1751 2255 3

305 2258 497 2303 nentiam
516 2258 719 2316 conjugio
743 2275 1054 2321 praeponamus
1078 2295 1088 2313 ‚
1117 2268 1311 2304 sanctam
1340 2274 1440 2302 vero
1460 2256 1682 2315 virginita·
1746 2263 1749 2272 ²

303 2338 390 2373 tem
418 2327 545 2373 etiam
578 2328 859 2373 continentiae
890 2327 1084 2384 viduali,
1117 2338 1158 2373 et
1182 2345 1234 2373 ne
1269 2326 1432 2389 aliquas
1465 2326 1641 2389 nuptias
1665 2362 1676 2381 ,
1747 2331 1749 2333 ’

301 2414 400 2461 quae
424 2407 570 2442 tamen
599 2414 688 2442 non
713 2397 927 2443 adulteria
948 2435 959 2453 ,
988 2397 1059 2442 sed
1082 2397 1250 2459 nuptiae
1278 2406 1376 2440 sunt
1393 2432 1405 2451 ,
1446 2394 1680 2452 cujuslibet
1744 2413 1747 2457 ᾗ

302 2465 438 2512 nostri
463 2476 763 2514 nostrorumve
780 2467 992 2532 propositi
1012 2467 1140 2512 laude
1159 2467 1426 2512 damnemus.
1443 2463 1581 2509 Multa
1595 2463 1676 2508 alia
1742 2459 1747 2503 ἕ

300 2537 353 2583 de
379 2537 471 2582 istis
499 2536 629 2582 rebus
653 2537 772 2585 dicta
793 2549 894 2585 sunt
915 2556 937 2584 a
965 2538 1092 2584 nobis
1119 2538 1163 2583 in
1186 2536 1300 2582 libro
1327 2534 1380 2581 de
1416 2535 1536 2580 Bono
1564 2551 1673 2581 0011-

352 2624 360 2648 ¹
380 2622 491 2665 Philip.
509 2634 559 2664 111,
583 2626 632 2661 πῖ,
655 2625 703 2656 16,
