1758 3246
232 306 285 336 DE
322 305 438 338 cuuA
474 305 678 335 erumna
719 307 799 335 rao
837 307 1050 346 nonnis,
1091 307 1175 338 [ιιι.
1224 309 1251 337 1.
1359 295 1450 340 (523

82 372 163 417 tari
185 389 194 416 :
221 382 264 417 et
291 371 386 417 ideo
416 369 521 434 quid
546 370 705 416 horum
730 370 918 415 duorum
945 371 1022 427 sit,
1056 389 1110 416 au
1141 389 1238 418 vero
1271 374 1454 421 fortassis

83 452 315 506 utrumque
340 442 421 498 sit,
445 441 746 506 utaliquando
767 442 843 486 ista
868 441 974 485 siant
1000 459 1076 504 per
1101 443 1239 506 ipsam
1264 442 1456 508 praesen-

82 513 187 558 tiam
218 515 457 575 Martyrum
471 549 482 567 ,
508 511 740 575 aliquando
758 528 837 574 per
858 510 1041 570 Angelos
1065 512 1341 576 suscipientes
1360 534 1454 578 per-

84 598 228 627 sonam
253 583 493 644 Martyrum
514 619 524 637 ,
546 580 725 626 definire
743 598 829 626 non
849 579 987 625 audeo
1007 601 1018 635 ;
1047 580 1217 626 mallem
1244 601 1266 627 a
1287 585 1455 630 seienti-

84 653 166 697 bus
187 653 267 697 ista
288 651 550 715 perquirere.
585 652 731 715 Neque
753 650 865 695 enirn
887 667 1011 695 nemo
1037 661 1098 695 est
1116 651 1190 713 qui
1213 650 1310 697 haec
1329 654 1452 707 sciat,

85 739 173 766 non
205 722 281 785 qui
316 722 398 766 sibi
435 721 541 766 seire
566 720 761 765 videatur
794 730 836 764 et
867 720 1027 765 neseiat
1059 737 1069 764 :
1101 719 1214 765 dona
1239 721 1351 767 enim
1384 725 1458 770 Dei

87 802 211 845 sunt3
235 793 302 836 liis
324 791 406 837 alia
424 829 433 847 ,
460 802 500 836 et
523 790 606 836 illis
626 790 707 836 alia
726 789 944 850 largientis
963 827 974 845 ,
1004 790 1160 835 secund
1171 808 1241 837 um
1267 794 1458 855 Aposto-

86 861 201 915 lum,
228 862 301 925 qui
336 861 445 907 (licit
468 861 704 924 uuicuique
727 860 822 906 dari
852 859 1239 907 manifestationem
1272 863 1460 926 Spiritus

90 932 146 977 ad
169 933 397 978 utilitatem
422 949 432 977 :
466 953 486 973 «
507 931 591 977 Alii
618 931 793 994 quidem
811 968 822 987 ‚
849 931 1014 994 inquit,
1054 931 1182 977 datur
1210 951 1287 996 per
1317 934 1461 998 spiri--

90 1013 224 1048 »tum
257 1020 395 1047 sermo
430 1001 676 1065 sapientiae,
714 1000 786 1046 alii
820 1018 957 1046 sermo
999 1002 1187 1048 scientia}
1222 1005 1461 1051 seeundum

91 1094 112 1114 »
130 1071 329 1118 eumdem
352 1071 564 1136 Spiritum
580 1108 590 1127 ‚
618 1071 741 1117 alteri
763 1081 903 1116 autem
923 1070 1026 1118 fides
1045 1072 1090 1117 in
1107 1073 1255 1119 eodem
1276 1075 1458 1138 Spiritu,

92 1164 112 1184 ›>
131 1142 251 1188 alteri
277 1141 452 1187 donatio
475 1141 751 1187 curationum
770 1141 815 1185 in
835 1158 920 1186 uno
943 1141 1109 1204 Spiritu
1125 1180 1136 1198 ,
1160 1142 1231 1188 alii
1249 1147 1463 1207 operatio-

92 1236 113 1255 »
133 1231 205 1258 nes
220 1214 431 1258 virtutum
446 1250 455 1267 ‚
480 1213 551 1258 alii
570 1211 822 1276 prophetia,
847 1211 918 1256 alii
931 1211 1186 1272 dijudicatio
1209 1215 1457 1278 spirituum,

93 1306 113 1326 >)
135 1283 206 1329 alii
246 1301 398 1343 genera
437 1283 710 1342 linguarum,
746 1281 819 1326 alii
858 1282 1157 1345 interpretatio
1199 1302 1458 1334 sermonum.

94 1377 114 1396 »
136 1354 295 1400 Omnia
321 1364 462 1398 autem
490 1353 587 1398 haee
609 1362 816 1415 operatur
833 1352 944 1397 unus
969 1353 1224 1415 atqueidem
1247 1354 1460 1418 Spiritus,

97 1448 116 1467 ))
137 1424 334 1471 dividens
355 1424 532 1487 propria
558 1423 791 1485 unicuique
815 1433 947 1486 prout
969 1423 1103 1472 vutt‘l.
1126 1445 1146 1464 »
1173 1425 1342 1472 Horum
1367 1445 1465 1472 om-

94 1496 213 1542 nium
241 1494 530 1559 spiritualium
555 1493 767 1538 donorum
784 1531 794 1547 .
817 1510 916 1556 quae
943 1496 1299 1541 commemoravit
1324 1499 1466 1560 Apos-

95 1566 225 1614 tolus.
248 1565 509 1627 cuicumque
529 1564 626 1609 data
645 1574 705 1608 est
724 1562 982 1623 dijudicatio
1001 1564 1231 1626 spirituum
1245 1602 1256 1621 ,
1277 1566 1368 1629 ipse
1387 1568 1468 1614 scit

95 1637 174 1682 ista
192 1635 302 1681 sieut
321 1635 493 1680 scienda
512 1645 624 1681 suut.

161 1706 283 1752 XXI.
325 1705 475 1750 Talem
520 1704 649 1750 fuisse
691 1704 876 1749 credend
887 1722 957 1750 um
993 1714 1055 1749 est
1093 1703 1216 1750 illum
1255 1706 1465 1753 Joaunem

99 1776 390 1830 monachum,
417 1793 545 1838 quem
568 1775 621 1820 de
645 1774 748 1820 belli
767 1775 904 1820 civilis
928 1785 1082 1820 eventu
1109 1775 1247 1835 Major
1267 1776 1468 1824 Theodo-

100 1847 187 1892 sius
212 1846 430 1892 consuluit
449 1846 684 1909 imperator
708 1863 717 1889 :
741 1845 934 1890 habebat
951 1845 1117 1908 quippe
1132 1846 1257 1891 etiam
1275 1848 1471 1910 proplie-

100 1917 221 1964 tiam.
253 1917 401 1979 Neque
425 1916 538 1961 enim
571 1914 761 1975 singulos
797 1915 964 1974 singula
999 1931 1227 1959 munerum
1259 1916 1469 1974 istorum,

103 1988 175 2034 sed
198 1988 324 2033 etiam
352 1987 476 2050 plura
496 2003 629 2031 unum
651 1986 813 2031 hahere
829 2003 950 2049 posse
966 2003 1058 2030 non
1074 1985 1261 2045 ambigo.
1285 1987 1305 2030 J
1314 2004 1472 2034 oannes

102 2075 200 2119 ergo
225 2058 300 2103 iste
314 2095 324 2113 ,
346 2057 532 2120 quadam
554 2055 730 2101 muliere
750 2055 1062 2115 religiosissima
1084 2055 1359 2118 impatienter
1373 2075 1470 2104 eum

105 2129 248 2176 videre
271 2129 498 2192 cupiente,
525 2138 653 2191 atque
684 2137 733 2172 ut
764 2126 850 2172 hoc
881 2126 1131 2189 impetraret
1165 2144 1244 2189 per
1268 2128 1471 2174 maritum

105 2217 230 2246 suum
260 2199 536 2245 vehementer
560 2198 766 2242 instante.
802 2213 902 2242 cum
929 2195 999 2242 ille
1018 2195 1173 2248 nollet,
1198 2197 1402 2260 quoniam
1426 2198 1473 2244 id.

106 2287 330 2333 nunquam
356 2268 609 2332 permiserat
630 2266 820 2312 foeminis
848 2284 858 2311 :
888 2262 1030 2323 Vade,
1060 2266 1227 2328 iuquit,
1255 2265 1326 2311 dic
1357 2269 1475 2313 uxori

107 2352 214 2397 tuae,
233 2339 399 2386 videbit
415 2356 481 2384 me
498 2348 623 2383 noete
638 2337 853 2401 proxima,
874 2336 946 2382 sed
964 2337 1008 2381 in
1032 2336 1208 2381 somnis.
1237 2336 1291 2380 Et
1312 2335 1476 2383 factum

109 2423 172 2458 est
194 2429 204 2456 :
232 2411 487 2472 monuitque
506 2408 625 2454 illam
648 2407 865 2472 quidquid
894 2406 1063 2452 fidelem
1088 2409 1361 2465 conjugatam
1390 2426 1478 2454 mo-

109 2482 201 2528 neri
233 2482 478 2545 oportebat.
522 2480 633 2535 Quae
664 2496 765 2524 cum
795 2477 1059 2537 evigilasset,
1095 2476 1221 2521 talem
1256 2494 1296 2521 se
1328 2478 1479 2524 vidisse

41 2545 47 2552 ’
110 2553 334 2600 hominem
352 2552 429 2596 Dei
447 2550 539 2597 viro
556 2566 632 2597 suo
648 2586 659 2607 ,
681 2548 851 2612 qualem
873 2548 946 2594 ille
965 2564 1063 2594 eum
1091 2557 1292 2604 noverat,
1313 2558 1354 2598 et
1373 2549 1482 2614 quid

161 2636 173 2659 ¹
192 2648 206 2668 ι
223 2637 297 2668 Cor.
313 2647 371 2674 xit,
393 2645 491 2674 7-11.
