1758 3246
338 288 426 335 252
755 304 790 335 s.
831 304 1073 337 AUGUSTlNl
1107 305 1309 338 EPISCOPI

336 378 476 413 totum
507 368 620 414 solus
657 368 833 416 auferat.
869 370 997 415 Dolet
1031 371 1207 433 quidem
1244 371 1341 428 ille,
1371 381 1414 416 et
1447 371 1579 418 fidem
1619 372 1702 419 sibi

330 448 540 484 servatam
558 456 645 484 non
674 456 760 484 esse
785 440 1094 502 conqueritur:
1123 458 1273 486 verum
1299 442 1343 486 in
1363 442 1457 504 ipsa
1492 459 1568 487 sua
1589 459 1700 506 que-

333 508 421 553 rela
444 508 630 567 cogitare
658 509 805 564 debet,
843 509 991 571 potius
1023 509 1068 553 in
1107 509 1224 555 bona
1262 511 1350 556 vita
1389 511 1473 573 ipsi
1498 511 1705 557 humanae
1751 530 1754 558 τ

331 580 524 626 societati
547 581 675 626 fuisse
716 581 984 636 servandam,
1013 597 1067 625 ne
1087 581 1237 643 praeda
1261 583 1410 646 iniqua
1440 600 1487 628 ex
1523 583 1703 628 homine

334 650 470 705 fieret,
496 650 530 695 si
554 650 681 695 sentit
703 667 837 712 quam
859 650 1006 712 inique
1030 650 1114 695 sibi
1136 650 1183 695 in
1201 652 1371 713 peccati
1395 652 1595 697 societate
1615 668 1707 697 ser-

337 729 435 764 vata
453 736 540 764 non
556 719 699 765 fuerit.
725 719 801 765 Ille
828 720 995 782 quippe
1020 719 1252 796 utrobique
1277 720 1488 782 perfidus,
1511 720 1707 796 profecto
1750 715 1753 750 ³7

338 787 582 833 sceleratior
595 787 861 846 Judicandus
885 798 960 833 est
986 790 1042 832 At
1069 789 1103 832 si
1125 788 1172 832 id
1195 789 1314 864 quod
1336 789 1458 835 male
1463 789 1654 835 fecerant
1672 789 1711 834 ei
1751 788 1753 796 ⁴

338 856 650 919 displicuisset,
673 867 714 901 et
739 866 968 920 propterea
998 872 1099 900 cum
1132 857 1348 919 participe
1369 857 1573 903 facinoris
1589 874 1753 920 prae-

336 925 438 970 dam
449 925 521 969 dix
524 925 639 970 idere
657 925 877 979 noluisset,
897 934 944 969 ut
971 923 1142 968 homini
1168 924 1240 969 cui
1270 925 1416 970 ablata
1432 925 1594 981 fuerat,
1614 921 1753 970 red-

342 995 394 1040 d(
385 1006 530 1049 retur
562 1013 660 1040 cum
690 994 909 1058 perfidum
935 1011 1014 1039 nec
1037 993 1230 1056 perfidus
1253 994 1427 1041 diceret.
1455 997 1523 1040 lta
1561 995 1716 1041 mulier
1750 984 1758 1044 ξι

338 1066 371 1109 si
404 1065 488 1110 side
524 1065 743 1125 conjugali
768 1065 928 1110 violata
967 1064 1099 1109 fidem
1138 1075 1285 1110 servet
1323 1065 1537 1141 adultero,
1565 1066 1714 1128 utique

340 1134 454 1178 mala
477 1144 561 1178 est·
585 1135 656 1178 sed
676 1135 711 1178 si
730 1151 808 1178 nec
834 1133 1048 1187 adultero,
1072 1137 1194 1195 pejor
1209 1144 1285 1179 est.
1318 1136 1455 1179 Porro
1475 1134 1507 1178 si
1528 1150 1622 1179 eam
1639 1134 1714 1179 fla·
1750 1139 1758 1179 '4

342 1203 434 1262 gitii
474 1203 707 1265 poeniteat,
755 1213 797 1247 et
830 1202 884 1246 ad
926 1203 1166 1247 castitatem
1212 1203 1380 1248 rediens
1422 1203 1712 1262 οοιι]ιις,31οῐιι
1749 1205 1758 1262 ,ἶ

342 1281 507 1334 pactat
496 1288 545 1315 ac
577 1271 739 1333 placita
766 1271 1009 1316 adulterina
1041 1271 1274 1327 iescindat,
1297 1273 1430 1317 miror
1450 1272 1484 1316 si
1503 1287 1595 1316 eam
1616 1265 1752 1317 fidei
1748 1292 1758 1330 P!

343 1359 383 1385 ιι
376 1340 611 1385 ·olatrice1n
626 1339 725 1385 v'el
715 1357 805 1402 lpse
829 1339 998 1384 adulter
1021 1341 1211 1402 putabit.

410 1410 460 1455 V.
489 1409 607 1454 Solet
629 1409 696 1453 eti
690 1426 758 1453 nn
781 1410 948 1471 quaeri,
975 1425 1076 1454 cum
1100 1408 1317 1454 masculus
1341 1419 1383 1454 et
1406 1409 1609 1464 foemina,
1638 1426 1718 1455 nec
1748 1378 1758 1460 li

346 1478 417 1524 ille
438 1478 637 1532 maritus,
658 1493 737 1521 nec
763 1477 837 1522 illa
861 1494 966 1521 uxor
984 1477 1175 1531 alterius,
1218 1478 1392 1522 sibimet
1411 1495 1499 1523 non
1524 1479 1716 1523 filiorum
1747 1462 1758 1542 ‚l

345 1546 841 1611 ]›i‘·;OCI0111cl0ruln,secl
872 1556 1055 1608 piopte]
1079 1546 1436 1592 incontinentiam
1460 1547 1592 1592 solius
1609 1564 1720 1592 con-
1746 1544 1751 1605 fi

347 1616 522 1661 cubitus
549 1632 677 1660 c211usi
701 1615 981 1678 copulantur,
1002 1631 1050 1659 ea
1070 1614 1156 1659 fide
1172 1614 1344 1671 media,
1367 1626 1415 1660 ut
1432 1633 1512 1661 nec
1529 1615 1600 1660 ille
1619 1633 1720 1661 cum
1746 1609 1750 1691 ἐ

348 1686 508 1739 altera,
530 1702 609 1730 nec
633 1684 704 1729 illa
724 1702 824 1730 cum
851 1684 982 1730 altero
1013 1684 1059 1729 id
1081 1685 1230 1739 faciat,
1273 1695 1420 1730 utrum
1443 1685 1611 1748 nuptiae
1637 1686 1721 1730 sint
1746 1694 1750 1718 ¹

345 1722 570 1801 vocandae.
597 1757 652 1800 Et
668 1766 810 1817 potest
823 1754 1001 1818 quidem
1016 1754 1194 1799 fortasse
1214 1771 1301 1799 non
1320 1754 1508 1800 absurde
1529 1755 1614 1800 hoc
1638 1773 1721 1817 ap-
1746 1774 1750 1795 ι

349 1824 435 1888 pell
440 1826 502 1870 ari
526 1826 813 1881 connubium,
842 1825 876 1870 si
900 1840 1034 1887 usque
1065 1824 1119 1868 ad
1154 1834 1336 1869 moitem
1374 1824 1548 1870 alteiius
1571 1841 1722 1869 eorum
1745 1806 1750 1898 ξ

349 1895 395 1940 id
414 1895 524 1940 intel
556 1912 626 1940 eos
650 1895 891 1958 placuerit
928 1904 970 1938 et
991 1893 1126 1956 prolis
1161 1895 1496 1953 oenerationem,
1525 1894 1724 1956 quamvis
1745 1889 1749 1947 j

349 1981 437 2009 non
456 1981 503 2009 ea
524 1981 654 2010 causa
680 1964 903 2041 conjuncti
923 1964 1032 2017 sint,
1052 1980 1141 2008 non
1160 1975 1303 2008 tamen
1319 1964 1565 2018 vitaverint,
1593 1962 1723 2008 utvel
1745 1969 1749 2021 J

351 2034 492 2079 nolint
509 2033 589 2079 sibi
616 2034 736 2079 nasci
757 2034 884 2088 filios.
910 2033 976 2078 xel
997 2033 1122 2077 etiam
1149 2050 1277 2095 opeie
1292 2033 1437 2095 aliquo
1460 2033 1576 2078 malo
1597 2049 1662 2091 ag:
1653 2028 1748 2082 ιξιιιῐ

349 2121 402 2148 ne
421 2113 668 2147 nascantui.
697 2103 729 2144 (ἶ
736 2111 841 2145 “etei
845 2118 915 2145 um
942 2102 975 2145 si
1000 2101 1069 2145 ἸεΙ
1096 2111 1329 2163 utrumque
1361 2102 1429 2146 xel
1475 2118 1612 2147 unum
1642 2101 1748 2153 ho-;

352 2188 450 2217 rum
471 2170 597 2225 desit,
629 2187 716 2214 non
738 2170 910 2214 invenio
948 2170 1319 2232 quemadmodum
1343 2171 1422 2215 has
1448 2170 1653 2233 nuptias.
1643 2185 1748 2233 ιιΡ-ι

352 2241 511 2304 pellare
530 2239 757 2302 possimus
786 2240 957 2284 Etenim
990 2240 1023 2284 si
1060 2240 1251 2302 aliquam
1275 2240 1359 2285 sibi
1391 2240 1458 2286 vir
1484 2240 1541 2286 ad
1559 2241 1747 2302 tempus{

353 2310 628 2365 adhibuerit,
656 2308 793 2354 donec
811 2309 938 2354 aliam
958 2309 1133 2368 dignam
1154 2310 1222 2355 vel
1243 2310 1486 2356 honoribus
1505 2310 1576 2356 vel
1590 2304 1747 2356 facul-³:

356 2380 518 2425 tatibus
533 2379 617 2424 suis
631 2379 821 2424 inveniat
839 2415 850 2434 ‚
879 2396 1010 2441 quani
1025 2396 1275 2442 comparem
1298 2379 1433 2424 ducat
1447 2399 1458 2430 3
1476 2380 1571 2439 ipso
1586 2368 1746 2443 animo}

358 2453 523 2498 adulter
542 2462 621 2507 est,
640 2467 720 2496 nec
742 2468 842 2497 cum
863 2451 935 2496 illa
961 2467 1094 2513 quam
1116 2453 1241 2514 cupit
1260 2451 1451 2496 invenire
1471 2486 1482 2503 ,
1523 2448 1597 2494 sed
1629 2445 1746 2512 euml

357 2523 436 2567 ista
450 2539 552 2568 cum
577 2537 664 2584 qua
684 2521 744 2566 sic
767 2521 919 2576 cubat,
944 2530 992 2565 ut
1013 2536 1113 2565 cum
1138 2537 1188 2564 ea
1217 2536 1306 2563 non
1335 2518 1499 2564 habeat
1535 2518 1745 2577 maritaless

358 2591 639 2636 consortium.
670 2589 798 2635 Unde
815 2600 858 2634 et
879 2590 976 2651 ipsa
1000 2588 1088 2640 hoc
1106 2587 1241 2634 sciens
1259 2605 1309 2634 ac
1326 2587 1487 2634 volenS.
1509 2586 1744 2667 impudice}
