1758 3246
337 335 389 364 DE
427 333 567 365 orfanis
603 332 934 374 nomenonii,
973 335 1058 364 Lm.
1102 336 1130 363 1.
1335 318 1428 382 569

63 401 149 448 hoc
169 411 416 465 operantur.
442 417 528 445 non
540 399 776 445 secundum
793 398 878 444 hoc
894 398 1041 462 utique
1059 398 1293 445 Christiani
1308 410 1426 456 sunt,

63 470 181 534 qttod
203 471 366 517 habent
391 487 621 515 commune
645 486 744 515 cum
767 469 932 514 caeteris
966 485 1053 514 non
1082 469 1338 515 Christianis
1355 507 1365 526 ,
1388 480 1430 515 et

64 559 164 587 cum
181 541 284 605 ipsis
302 540 549 604 pecoribus
584 539 715 586 Aliud
747 549 809 584 est
832 537 946 584 enim
965 537 1086 602 quod
1102 539 1169 584 vel
1187 539 1428 585 infirmitati

63 611 329 666 conceditur,
372 610 439 657 vcl
460 609 630 655 mortali
663 607 965 672 propagationi
1002 607 1287 671 persolvitur3
1313 609 1429 654 aliud

64 691 205 727 autem
230 679 346 743 quod
368 679 421 725 ad
442 679 744 743 capessendam
769 679 1069 741 incorruptam
1087 688 1128 723 et
1143 688 1346 723 aeternam
1368 679 1430 723 vi-

62 760 147 795 tam
163 749 278 795 fideli
289 748 551 812 professione
571 749 849 809 significatur.
874 747 991 794 Illud
1008 764 1107 808 ergo
1127 747 1249 811 quod
1268 747 1321 793 de
1341 766 1429 793 non

62 819 245 866 velando
261 819 401 882 capite
427 819 525 865 viris
547 819 824 882 praecipitur,
853 818 1092 881 incorpore
1110 817 1288 881 quidem
1315 819 1429 878 figu-

65 901 198 946 ratur,
227 889 363 936 sedin
406 901 548 935 mente
585 890 678 949 agi,
723 889 801 935 ubi
829 899 891 934 est
923 890 1064 949 imago
1100 899 1142 934 et
1159 887 1293 949 gloria
1325 889 1426 945 Dei,

61 962 192 1008 verba
213 961 306 1024 ipsa
341 960 536 1006 indicant
556 978 566 1005 ε
590 982 609 1001 «
631 961 706 1006 Vir
730 960 904 1024 quidem
922 997 932 1016 ,
968 960 1131 1024 inquit,
1176 977 1264 1004 non
1303 958 1432 1005 debet

63 1054 84 1075 »
111 1032 247 1077 velare
270 1042 426 1095 caput‚
453 1048 555 1077 cum
580 1032 633 1077 sit
648 1032 791 1092 imago
812 1042 851 1077 et
881 1031 1013 1092 gloria
1040 1031 1120 1077 Dei
1135 1030 1168 1079 1.
1199 1052 1219 1073 »
1245 1029 1331 1076 Ubi
1349 1047 1430 1076 au-

64 1113 147 1148 tem
181 1102 232 1148 sit
272 1102 367 1147 haec
404 1102 544 1161 imago
561 1140 572 1158 ,
598 1103 689 1165 ipse
717 1101 928 1158 declarat,
960 1119 1061 1147 cum
1081 1101 1188 1147 dicit
1210 1119 1221 1146 ε
1246 1121 1267 1142 α
1289 1101 1431 1147 Nolite

63 1194 83 1215 >›
110 1173 279 1219 mentiri
300 1173 503 1228 invicem,
528 1173 786 1237 expoliantes
817 1183 959 1218 autem
983 1190 1057 1218 vos
1079 1183 1263 1218 veterem
1282 1171 1431 1217 homi—

63 1265 82 1284 »
107 1261 204 1289 nem
229 1260 329 1289 cum
354 1243 522 1288 actibus
546 1247 635 1302 ejus
651 1280 662 1299 ‚
683 1243 849 1289 induite
884 1260 1045 1289 novum
1085 1244 1162 1306 qui
1202 1253 1430 1289 renovatur

62 1336 82 1355 >³
111 1314 153 1359 in
171 1314 429 1373 agnitionem
457 1313 535 1358 Dei
549 1313 787 1359 secundum
804 1313 1034 1372 imaginem
1057 1316 1148 1372 ejus
1178 1312 1253 1376 qui
1270 1311 1432 1358 creavit

62 1405 83 1427 ))
109 1401 203 1430 eum
221 1384 251 1431 2.
279 1406 299 1424 n
331 1383 438 1441 Quis
473 1383 645 1429 dubitet
679 1383 794 1429 lianc
837 1384 1160 1429 renovationem
1203 1385 1250 1429 in
1290 1393 1431 1430 mente

61 1455 180 1502 fieri?
207 1453 291 1500 Sed
317 1454 448 1518 etqui
470 1453 643 1499 dubitat
661 1491 670 1504 ,
707 1454 855 1500 audiat
877 1455 1132 1518 apertiorem
1156 1453 1423 1500 sententiam.

60 1525 222 1571 Eadem
264 1526 430 1588 quippe
453 1524 684 1570 admonens
703 1525 760 1571 ita
787 1525 896 1571 dicit
913 1526 995 1572 alio
1023 1526 1120 1572 loco
1142 1544 1151 1571 :
1181 1547 1200 1567 «
1229 1526 1352 1572 Sicut
1371 1537 1433 1572 est

63 1618 83 1639 2>
110 1596 262 1642 veritas
278 1596 324 1641 in
357 1598 382 1641 J
386 1613 459 1641 esu
474 1634 484 1653 ,
511 1596 725 1660 deponere
762 1614 836 1642 vos
853 1597 1090 1643 secundum
1110 1597 1299 1661 priorem
1321 1614 1431 1642 con-

62 1689 82 1709 ³>
107 1668 388 1713 versationem
411 1678 595 1714 veterem
631 1667 852 1714 hominem
869 1706 879 1725 ,
919 1686 1018 1714 cum
1042 1669 1119 1733 qui
1138 1668 1433 1732 corrumpitur

62 1760 82 1780 »
107 1738 343 1784 seeundum
365 1739 736 1802 concupiscentias
751 1738 1044 1802 deceptionis;
1065 1739 1331 1785 renovamini
1351 1756 1432 1785 au-

62 1830 83 1851 »
108 1820 191 1855 tem
219 1810 374 1872 spiritu
393 1810 547 1854 mentis
570 1820 721 1855 restrae
736 1847 746 1866 ,
772 1821 814 1855 et
835 1810 1002 1856 induite
1028 1827 1190 1855 novum
1210 1810 1432 1857 hominem

61 1901 82 1921 »
107 1896 203 1924 eum
246 1879 321 1942 qui
346 1879 584 1925 secundum
611 1880 751 1925 Deum
774 1891 943 1926 creatus
966 1890 1027 1925 est
1046 1880 1078 1926 3.
1104 1902 1123 1922 »
1154 1879 1275 1937 Quid
1299 1898 1399 1941 ergo
1418 1918 1428 1938 ‚

60 1949 259 1995 mulieres
290 1967 378 1994 non
408 1949 575 1994 habent
591 1949 705 1994 hane
725 1950 1045 1996 innovationem
1062 1950 1237 2006 mentis,
1280 1951 1357 1996 ubi
1373 1962 1433 1997 est

58 2020 199 2080 imago
224 2020 333 2066 Dei?
356 2020 463 2076 Quis
490 2020 577 2066 hoc
609 2020 788 2067 dixerit?
816 2021 900 2067 Sed
921 2021 1114 2084 corporis
1138 2022 1202 2067 sui
1226 2038 1324 2067 sexu
1343 2039 1431 2068 non

61 2108 153 2136 eam
176 2090 419 2150 significant
443 2109 452 2136 ε
473 2103 699 2155 propterea
720 2091 847 2137 velati
866 2092 1092 2152 jubentur.
1120 2092 1247 2137 Illam
1267 2093 1433 2156 quippe

61 2161 306 2221 significant
331 2172 495 2224 partem
513 2199 523 2217 ,
547 2179 595 2206 eo
614 2162 709 2225 ipso
736 2179 823 2226 quo
848 2162 1044 2208 mulieres
1062 2173 1184 2218 sunt,
1204 2179 1304 2226 quae
1325 2179 1435 2208 con-

63 2231 379 2295 cupiscentialis
414 2232 502 2277 dici
531 2243 697 2295 potest,
739 2233 809 2278 cui
845 2250 962 2278 mens
998 2232 1271 2288 dominatur,
1306 2233 1434 2278 etiam

61 2301 152 2365 ipsa
170 2301 343 2348 subdita
364 2303 454 2347 Deo
479 2319 576 2359 suo,
604 2303 780 2366 quando
799 2303 1031 2349 rectissime
1052 2314 1092 2349 et
1121 2303 1434 2349 ordinatissime

60 2372 235 2419 vivitur.
266 2373 397 2429 Quod
420 2391 519 2432 ergo
547 2384 608 2418 est
628 2374 673 2418 in
692 2391 777 2419 uno
804 2374 981 2419 homine
1002 2391 1120 2419 mens
1138 2384 1179 2419 et
1199 2372 1433 2436 concupis-

63 2443 228 2499 centia,
259 2442 357 2505 (illa
392 2444 505 2489 enim
540 2444 673 2503 regit,
704 2444 800 2489 haec
838 2445 1026 2504 regitur3
1060 2443 1133 2489 illa
1165 2443 1431 2500 dominatur,

63 2512 161 2558 haec
177 2513 406 2574 subditur)
430 2532 439 2559 t
464 2514 605 2559 hocin
625 2513 798 2560 duobus
810 2514 1062 2560 hominibus
1087 2513 1178 2559 viro
1189 2524 1229 2560 et
1253 2512 1432 2560 muliere

113 2624 121 2645 ¹
146 2636 155 2655 1
175 2628 247 2657 (jor.
263 2636 308 2663 xx,
332 2637 360 2664 7.
378 2643 416 2649 —
434 2624 698 2668 2c01‹>ss.1‹1‚9‚
723 2637 772 2659 10.
792 2644 835 2648 -—
849 2623 862 2647 3
882 2624 995 2668 Eplies.
1018 2635 1060 2662 iv,
1083 2635 1140 2656 2¹.
