1758 3246
506 279 562 310 DE
598 275 849 322 aimonem,
889 282 972 313 tm.
1018 284 1048 313 1.
1362 269 1455 324 445

149 345 269 392 xlx.
310 343 406 390 Istis
448 346 673 404 generibus
711 348 799 392 sine
837 346 923 392 ulla
964 346 1241 393 dubitatione
1275 348 1459 394 damna-

82 413 154 468 tis,
181 414 373 477 sequitur
396 431 528 473 genus
552 417 768 462 mendacii
794 427 999 478 tanquam
1035 416 1247 474 gradatim
1282 417 1333 462 ad
1362 435 1456 462 me-

83 482 193 528 liora
219 484 495 543 surgentibus
514 521 525 538 ,
553 486 672 548 quod
700 486 916 531 benevolis
959 495 1000 529 et
1027 485 1152 529 bonis
1178 486 1306 545 vulgo
1328 487 1464 532 tribui

86 552 210 607 solet,
231 570 330 598 cum
352 553 422 598 ille
440 554 515 615 qui
540 556 764 610 mentitur,
789 572 874 600 non
896 554 1031 599 solum
1063 553 1182 599 alteri
1210 572 1297 599 non
1314 556 1459 611 obest,

84 621 156 666 sed
175 622 302 666 etiam
328 622 506 685 prodest
529 624 672 671 alicui.
704 625 768 669 De
808 624 888 668 isto
913 640 1063 682 genere
1083 634 1144 667 est
1168 633 1258 668 tota
1285 635 1462 668 conten-

85 690 170 745 tio,
199 701 428 737 utrum-ne
451 692 533 737 sibi
551 694 690 749 obsit,
713 693 790 755 qui
808 693 868 737 sic
900 692 1076 755 prodest
1101 692 1239 747 alteri,
1266 703 1313 736 ut
1329 692 1462 737 faciat

84 770 236 805 contra
250 762 488 808 veritatem.
519 764 605 808 Aut
627 763 660 807 si
681 763 834 808 veritas
858 761 930 806 illa
943 761 1031 806 sola
1054 762 1240 807 dicenda
1254 773 1331 817 est,
1355 778 1456 824 qua:

82 829 196 892 ipsas
216 842 378 876 mentes
397 832 550 877 intimo
592 844 721 895 atque
756 832 1107 877 incommutabili
1137 832 1302 877 lumine
1323 832 1452 876 illus-

84 909 169 944 trat
188 920 199 953 ;
221 900 326 946 facit
351 912 465 946 certe
489 912 639 946 contra
671 900 848 965 aliquod
872 918 1026 946 verum
1044 938 1054 957 ‚
1082 902 1185 964 quia
1204 902 1279 946 etsi
1300 900 1464 945 fallun-

83 979 154 1014 tur
175 970 369 1032 corporis
391 988 561 1026 sensus,
591 981 740 1016 contra
769 981 1066 1016 verumtamen
1085 970 1190 1015 facit
1207 1007 1217 1026 ,
1248 970 1324 1032 qui
1353 969 1461 1014 dicit

84 1038 246 1100 aliquid
265 1039 324 1084 ita
341 1057 443 1095 esse,
459 1041 525 1086 vel
552 1058 638 1085 non
660 1041 736 1095 ita,
756 1040 876 1102 quod
893 1040 930 1084 ei
947 1057 1025 1084 nec
1048 1056 1183 1094 inens,
1202 1056 1278 1084 nec
1293 1056 1456 1093 sensus,

85 1124 162 1153 nec
185 1109 395 1171 opiniatio
420 1127 512 1166 sua,
541 1110 699 1156 fidesve
726 1110 957 1156 renimtiat.
977 1110 1134 1154 Utrum
1157 1126 1256 1168 ergo
1274 1109 1460 1154 nonsibi

84 1178 222 1235 obsit,
247 1180 325 1242 qui
354 1180 440 1225 hoc
472 1180 602 1225 modo
639 1180 758 1224 alteri
792 1180 998 1241 prodest3
1023 1197 1078 1223 au
1104 1179 1176 1223 illa
1195 1196 1456 1241 compensa-

88 1247 199 1292 tione
224 1265 311 1292 non
332 1249 446 1293 obsit
471 1249 553 1293 sihi
569 1285 578 1303 ‚
618 1266 702 1310 qua
726 1249 905 1311 prodest
930 1249 1068 1303 alteri,
1098 1266 1254 1307 magna
1271 1250 1452 1310 quaestio

85 1327 167 1363 est.
208 1317 252 1361 Si
285 1317 344 1361 ita
368 1328 447 1373 est,
470 1329 780 1380 consequenter
818 1319 946 1364 etiam
980 1319 1062 1363 sibi
1101 1318 1300 1381 prodesse
1327 1318 1458 1363 debet

83 1403 161 1449 per
185 1386 460 1432 mendacium
484 1388 603 1450 quod
623 1388 732 1433 nulli
752 1389 888 1434 obest.
920 1388 1004 1434 Sed
1033 1405 1081 1433 ea
1110 1404 1300 1433 connexa
1327 1398 1454 1443 sunt,

85 1466 125 1501 et
140 1457 229 1501 istis
251 1458 463 1502 concessis
483 1458 720 1503 necessario
744 1459 977 1503 trahuntur
1009 1474 1110 1520 quae
1134 1457 1320 1502 multum
1360 1474 1462 1502 con-

90 1527 281 1573 turbant.
326 1527 371 1572 Si
395 1528 510 1572 enim
551 1538 800 1590 quaeratur,
836 1526 943 1589 quid
979 1527 1093 1572 obsit
1117 1527 1285 1571 homini
1327 1527 1464 1589 copiis

86 1596 314 1658 superfluis
338 1596 629 1651 redundanti,
664 1597 757 1642 side
782 1597 1017 1643 innumeris
1043 1595 1237 1640 millibus
1261 1594 1461 1641 frumen-

89 1676 228 1710 torum
254 1666 423 1711 amittat
450 1684 584 1711 unum
608 1666 803 1711 modium
821 1703 831 1722 ,
857 1667 934 1729 qui
961 1677 1103 1711 tamen
1131 1665 1300 1710 modius
1323 1667 1458 1728 possit

87 1735 141 1780 ad
160 1735 442 1780 necessarium
464 1736 629 1781 victum
655 1736 855 1798 prodesse
875 1735 1061 1790 furanti,
1090 1752 1355 1797 consequens
1380 1735 1460 1780 erit

88 1816 197 1850 utet
235 1804 403 1850 furtum
443 1807 533 1851 sine
559 1806 890 1869 reprehensione
930 1807 1021 1851 fieri
1051 1806 1207 1868 possit,
1239 1816 1279 1850 et
1305 1805 1463 1850 falsum

90 1876 381 1920 testimonium
408 1877 496 1921 sine
512 1887 690 1939 peccato
705 1876 807 1923 dici.
840 1878 939 1932 Quo
961 1877 1068 1939 quid
1089 1876 1175 1921 dici
1199 1886 1343 1938 potest
1363 1893 1460 1938 per-

85 1945 275 1991 versius?
303 1948 369 1991 An
388 1963 486 1991 vero
509 1947 543 1991 si
568 1947 674 1992 alius
697 1946 864 1992 furatus
893 1958 998 1991 esset
1022 1946 1145 1991 illum
1171 1946 1390 2001 modium,
1417 1956 1459 1990 et

88 2027 134 2061 tu
155 2016 335 2072 videres,
362 2016 732 2079 interrogatusque
755 2034 882 2068 esses„
906 2016 1146 2061 mentireris
1170 2015 1346 2061 honeste
1371 2032 1453 2078 pro

86 2103 280 2150 paupere
296 2123 307 2142 ,
333 2097 374 2131 et
398 2087 431 2131 si
459 2087 505 2132 id
528 2104 609 2149 pro
632 2097 705 2131 tua
724 2097 980 2149 paupertate
1003 2086 1152 2141 facias,
1181 2085 1460 2148 cuipaheris?

88 2156 210 2218 quasi
235 2156 420 2219 amplius
447 2156 577 2201 alium
605 2173 738 2218 quam
763 2167 803 2201 te
821 2155 995 2216 diligere
1019 2155 1187 2202 debeas.
1219 2156 1463 2217 Utrumque

88 2242 187 2284 ergo
211 2237 339 2289 turpe
355 2237 484 2288 atque
509 2226 736 2273 vitandum
763 2237 838 2273 est.

154 2297 250 2342 XX.
294 2295 378 2341 Sed
396 2295 586 2342 fortassis
609 2297 902 2358 exceptionem
924 2295 1171 2341 addendam
1196 2295 1291 2356 quis
1307 2303 1456 2355 putet,

89 2375 138 2410 ut
159 2366 243 2410 sint
268 2365 470 2428 quaedam
489 2366 668 2410 honesta
691 2366 915 2411 mendacia
930 2402 941 2420 ‚
965 2382 1063 2428 quae
1081 2382 1168 2409 non
1190 2363 1331 2408 solum
1351 2362 1460 2408 nuili

91 2436 277 2492 obsunt,
307 2435 380 2481 sed
403 2437 532 2481 etiam
561 2436 759 2481 nonnulli
778 2446 963 2499 prosunt
979 2473 989 2491 ‚
1010 2434 1196 2496 exceptis
1213 2433 1281 2477 his
1297 2434 1460 2495 quihus

89 2505 271 2551 crimina
303 2506 578 2551 occultantur
613 2516 655 2550 et
688 2505 1012 2551 defenduntur:
1041 2514 1090 2549 ut
1125 2503 1222 2548 ideo
1257 2503 1312 2547 sit
1347 2501 1459 2547 illud

92 2586 219 2639 turpe
236 2576 541 2635 mendacium,
570 2575 689 2639 quod
717 2577 915 2639 quamvis
938 2574 1049 2622 nulli
1085 2573 1222 2631 obsit,
1257 2584 1298 2619 et
1324 2574 1464 2636 prosit
