1758 3246
365 316 418 345 nr„
454 314 575 344 110Νο
613 312 879 350 concam,
919 314 1004 344 1111.
1048 316 1076 344 1.
1319 298 1410 361 273

40 379 682 448 potuitintrepidusimmolare
712 389 891 443 propter
929 396 1109 437 regnum
1143 380 1353 426 coelorum
1370 379 1405 429 ²,

105 455 240 501 XXV.
282 450 559 498 Continentia
584 450 769 513 quippe,
798 466 885 493 non
908 449 1102 512 corporis
1121 486 1131 504 ‚
1164 451 1239 495 sed
1280 450 1413 496 animi

40 523 468 586 virtus'uesLVirtutes
490 531 631 565 autem
652 519 784 564 animi
814 518 1048 581 aliquando
1067 519 1112 563 in
1130 536 1256 582 opere
1279 522 1417 566 mani-

39 595 264 649 festantur,
286 589 519 654 aliquando
538 590 584 634 in
601 590 761 635 habitu
776 589 928 645 latent,
948 589 1268 651 sicutmartyrii
1283 592 1420 636 virtus

40 665 216 710 emicuit
240 661 496 725 aparuitque
517 659 744 704 tolerando
764 659 982 722 passiones
1007 676 1018 704 ε
1046 658 1121 704 scd
1142 676 1273 722 quam
1293 661 1421 705 multi

39 745 138 780 sunt
160 734 205 778 in
228 731 379 777 eadem
398 732 558 776 virtute
581 729 741 786 animi,
774 729 936 792 quibus
960 729 1140 774 tentatio
1160 729 1278 775 deest
1298 767 1309 785 ‚
1337 747 1423 792 qna

37 803 83 850 id
101 803 221 867 quod
246 803 362 848 intus
381 812 443 847 est
464 802 511 846 in
534 811 773 864 conspectu
798 800 877 846 Dei
900 837 911 857 ,
938 799 1072 845 etiam
1111 799 1158 845 in
1190 800 1424 847 hominum

36 872 247 936 procedat
268 910 280 930 ‚
318 888 397 918 nec
422 882 526 916 tunc
545 888 632 916 esse
655 870 838 933 incipiat
860 907 871 926 ‚
910 869 985 915 sed
1019 880 1125 916 tunc
1162 870 1419 918 innotescat.

38 942 137 987 {Iam
157 943 272 988 enim
291 951 382 987 erat
397 941 444 986 in
461 941 484 985 J
489 940 547 985 ob
571 941 782 1003 patientia
797 977 808 996 ‚
834 956 968 1003 quam
987 950 1168 987 noverat
1188 942 1303 986 Deus
1319 942 1355 995 2,
1381 951 1425 986 et

38 1013 109 1057 cui
130 1012 427 1058 testimonium
447 1011 738 1074 perhibebat3
759 1009 833 1056 sed
851 1010 1106 1056 hominibus
1121 1009 1314 1054 innotuit
1332 1020 1426 1055 ten-

39 1081 211 1127 tationis
228 1080 421 1127 examine
442 1100 453 1134 ;
473 1091 515 1125 et
534 1080 654 1143 quod
673 1080 838 1126 latebat
856 1080 1115 1126 intrinsecus
1129 1115 1140 1134 ‚
1162 1095 1244 1140 per
1263 1096 1311 1124 ea
1326 1096 1429 1142 quae

37 1151 274 1197 forinsecus
299 1150 419 1196 illata
440 1160 564 1201 sunt,
584 1162 671 1190 non
689 1155 842 1190 natum
863 1181 873 1200 ,
901 1145 975 1190 sed
994 1146 1319 1194 manifestatum
1344 1160 1419 1196 est.

38 1221 242 1266 Habebat
258 1220 407 1279 utique
423 1228 465 1260 et
476 1214 732 1260 Timotheus
742 1214 948 1260 virtutem
968 1215 1224 1262 continendi
1255 1235 1277 1263 a
1294 1218 1396 1264 vino
1414 1256 1426 1273 ‚

38 1305 170 1351 quam
190 1304 277 1332 non
304 1286 342 1330 ei
366 1283 547 1331 abstulit
571 1284 735 1330 Paulus
751 1321 762 1341 ,
800 1284 1020 1330 monendo
1045 1296 1093 1330 ut
1122 1286 1226 1332 vino
1251 1288 1424 1334 modico

38 1367 230 1403 uteretur
246 1366 429 1420 propter
450 1354 728 1401 stomachum
748 1365 791 1399 et
810 1354 1055 1417 frequentes
1073 1372 1172 1402 suas
1192 1357 1431 1403 infirmita-

38 1427 120 1474 tes-⁹³
138 1448 150 1482 ;
169 1426 361 1490 alioquin
379 1425 619 1489 perniciose
633 1425 838 1480 docebat,
856 1435 906 1470 ut
920 1435 1103 1488 propter
1121 1426 1303 1473 salutem
1323 1445 1428 1473 cor-

38 1497 136 1562 pori
157 1497 277 1542 fieret
307 1496 353 1541 in
383 1496 526 1542 animo
552 1495 763 1540 damnum
780 1495 954 1541 virtutis
978 1513 988 1540 :
1017 1495 1091 1541 sed
1117 1497 1218 1559 quia
1254 1508 1430 1561 poterat

39 1586 86 1614 ea
105 1568 266 1615 virtute
286 1566 403 1613 salva
427 1567 518 1611 fieri
539 1566 658 1629 quod
681 1567 888 1612 monebat
912 1603 922 1621 ‚
951 1566 1009 1612 ita
1036 1567 1226 1613 relaxata
1247 1579 1310 1614 est
1332 1587 1427 1615 cor-

38 1642 137 1702 pori
167 1638 328 1684 utilitas
357 1636 563 1693 bibendi,
587 1647 635 1682 ut
660 1647 852 1682 maneret
869 1636 916 1681 in
936 1637 1081 1682 animo
1110 1637 1291 1685 habitus
1312 1657 1424 1686 con-

39 1709 223 1755 tinendi.
250 1709 347 1772 lpse
362 1718 424 1752 est
446 1708 560 1753 enim
584 1707 763 1753 habitus
786 1745 797 1764 ‚
821 1723 908 1771 quo
937 1706 1105 1770 aliquid
1131 1709 1298 1769 agitur,
1321 1728 1424 1756 cum

40 1795 149 1842 opus
171 1788 265 1831 est;
293 1794 394 1822 cum
427 1787 568 1822 autem
603 1794 690 1822 non
721 1777 891 1836 agitur,
921 1787 1065 1840 potest
1099 1779 1194 1838 agi,
1222 1780 1297 1825 sed
1332 1798 1422 1827 non

40 1866 149 1912 opus
172 1859 248 1895 est.
293 1848 426 1893 Hunc
450 1847 654 1893 habitum
683 1848 799 1893 circa
837 1847 1150 1894 continentiam
1181 1867 1282 1913 quae
1307 1852 1358 1896 fit
1398 1870 1424 1897 a

40 1919 280 1964 concubitu
302 1955 313 1975 ‚
342 1935 431 1963 non
454 1917 622 1963 habent
644 1917 708 1962 illi
729 1918 892 1979 quibus
913 1917 1076 1963 dicitur
1112 1936 1123 1964 ε
1155 1940 1174 1960 α
1201 1920 1247 1965 Si
1266 1938 1308 1965 se
1330 1938 1421 1967 non

40 2008 61 2029 ›>
85 1987 327 2044 continent,
346 1984 560 2032 nubant&
572 1985 735 2031 »Hunc
752 2001 853 2031 vero
866 1985 1034 2030 habent
1048 1989 1208 2048 quibus
1227 1988 1413 2036 dicitur:

0 2084 1 2091 1
41 2079 62 2100 «
88 2059 177 2115 Qui
193 2068 336 2122 potest
355 2073 508 2120 capere
521 2093 532 2111 ,
550 2056 769 2119 capiat5.»
786 2056 858 2101 Sic
879 2056 945 2101 usi
964 2067 1064 2101 sunt
1082 2056 1264 2120 perfecti
1281 2060 1417 2107 animi

0 2266 3 2350 ἔ

0 2353 4 2409 ε

2 2434 6 2527 ἱ

39 2128 167 2173 bonis
183 2128 360 2174 terrenis
379 2126 436 2173 ad
455 2125 573 2172 aliud
590 2126 834 2172 necessariis
854 2143 932 2189 per
949 2126 1071 2172 hunc
1087 2127 1293 2175 habitum
1312 2148 1418 2176 con-

44 2197 261 2254 tinentiae,
297 2214 384 2260 quo
419 2197 478 2243 eis
498 2214 592 2243 non
617 2197 929 2258 obligarentur,
956 2208 998 2243 et
1025 2215 1114 2262 quo
1143 2212 1320 2263 possent
1356 2203 1416 2247 eis

41 2269 169 2314 etiam
191 2285 280 2314 non
303 2267 393 2323 uti,
420 2267 454 2312 si
478 2283 566 2312 non
589 2283 700 2329 opus
716 2277 837 2314 esset.
864 2268 953 2313 Nec
971 2269 1199 2332 quisquam
1227 2271 1285 2316 eis
1304 2271 1416 2317 bene

42 2340 194 2394 utitur,
213 2337 296 2384 nisi
319 2337 395 2400 qui
417 2347 460 2382 et
481 2353 570 2382 non
593 2337 659 2382 uti
680 2347 837 2400 potest.
878 2337 1007 2383 Multi
1030 2338 1207 2401 quidem
1245 2340 1416 2387 facilius

42 2427 84 2455 se
102 2409 320 2455 abstinent
349 2418 398 2453 ut
422 2424 511 2454 non
540 2417 719 2453 utantur
738 2444 750 2464 ,
790 2424 922 2470 quam
950 2418 1190 2471 temperent
1219 2421 1267 2456 ut
1301 2412 1416 2458 bene

42 2490 220 2526 utantur
255 2496 268 2524 ε
301 2494 428 2524 nemo
453 2488 597 2525 tamen
627 2478 686 2524 eis
713 2488 856 2542 potest
876 2478 1090 2542 sapienter
1113 2480 1207 2536 uti,
1234 2481 1316 2527 nisi
1335 2483 1414 2545 qui

91 2570 201 2603 ¹Ge11.
215 2580 304 2613 xxxx,
326 2581 379 2602 12.
393 2585 437 2594 —-
454 2568 471 2593 ²
485 2569 603 2616 Job.1,
619 2580 669 2604 20.
683 2587 728 2595 —
756 2567 771 2593 3
795 2580 809 2602 1
833 2569 917 2603 Tim.
939 2581 969 2616 v,
990 2571 1043 2604 23.
1059 2587 1104 2595 —
1122 2567 1137 2593 4
1161 2581 1173 2601 1
1197 2572 1273 2606 Cor.
1292 2584 1356 2618 vn,
1377 2584 1415 2615 9.

5 2634 7 2648 ι
45 2640 90 2648 -
114 2623 128 2647 5
149 2622 265 2657 Manli.
280 2632 348 2660 xix,
371 2633 424 2654 η.

206 2688 393 2727 cxxx111.
1203 2677 1260 2745 18
