1758 3246
374 313 428 343 DE
464 313 586 343 BONO
622 315 894 354 vmurrssis,
933 317 1019 346 Lm.
1063 320 1090 346 ι.
1323 302 1420 349 363Ι

55 376 383 426 misericorditer
406 380 459 426 ad
483 381 662 425 salutem
682 417 693 435 ‚
724 380 777 426 ad
800 391 990 426 nostram
1015 395 1191 445 quoque
1203 384 1421 431 redundat

0 454 1 458 ’
54 450 296 498 utilitatem.
310 450 438 497 Unde
453 469 539 496 non
552 451 710 498 frustra
731 451 988 515 Apostolus:
1007 475 1026 494 c<
1040 454 1340 511 Providemus‚
1355 456 1420 501 in-

0 552 1 568 ÷
54 539 77 573 ».
94 515 206 585 quit„
221 523 353 579 bona,
365 540 453 568 non
463 522 600 568 solum
614 540 757 569 coram
772 524 880 578 Deo,
893 524 1174 569 verumetiam
1184 540 1329 569 coram
1341 526 1425 571 ho·

53 615 74 635 ›>
90 593 321 640 minihus1.
346 616 367 635 ›>
390 589 496 639 Item
525 593 633 640 dicit
657 612 667 639 ε
697 616 717 636 c<
737 595 908 655 Placete
931 595 1136 641 omnibus
1153 613 1231 658 per
1253 596 1416 651 omnia,

51 683 72 706 >³
92 666 260 710 sicutet
279 682 355 725 ego
385 665 587 711 omnibus
618 682 697 728 per
719 666 862 711 onmia
892 665 1070 729 placeo,
1102 683 1190 711 non
1223 682 1420 728 quaerens

0 743 1 775 ἐ
51 756 71 776 »
89 735 208 798 quod
228 735 337 780 mihi
357 735 461 780 utile
485 747 545 780 est
561 774 571 791 ‚
592 736 665 781 sed
692 735 810 799 quod
835 735 1006 790 multis,
1036 745 1083 781 ut
1102 735 1208 781 salvi
1230 734 1379 780 fiant2.
1398 755 1419 775 »

51 804 102 849 In
119 805 307 868 quadam
327 805 455 850 etiam
469 806 763 851 exhortatione
774 806 882 851 dicit
900 823 911 850 z
935 827 955 847 «
972 807 1035 850 De
1055 816 1229 861 caetero,
1246 805 1417 859 fratreS‚

50 886 70 915 >³
87 890 376 937 quaecumque
405 886 504 920 sunt
523 893 623 921 vera
638 913 648 931 ‚
674 892 964 938 quaecumque
983 886 1129 921 sancta
1146 913 1156 931 ,
1187 891 1417 939 quaecum-

51 962 71 983 >³
89 960 173 1006 que
191 947 307 1003 justa
322 982 332 999 ‚
353 962 643 1008 quaecumque
664 957 780 991 casta
794 983 804 1001 ,
832 962 1124 1008 quaecumque
1145 945 1416 1000 charissima,

51 1033 71 1053 »
91 1029 380 1076 quaecumque
410 1015 538 1061 bonae
565 1016 690 1061 famae
709 1054 720 1069 ‚
751 1016 785 1061 si
811 1032 898 1079 qua
929 1016 1065 1062 virtus
1083 1053 1094 1071 ‚
1124 1016 1158 1061 si
1182 1032 1269 1079 qua
1298 1015 1419 1069 laus,

50 1101 70 1123 >>
88 1082 185 1127 haec
208 1084 392 1143 cogitate
409 1123 419 1140 ,
454 1103 554 1149 quae
587 1097 630 1132 et
663 1086 874 1132 didicistis
891 1123 901 1141 ,
929 1097 972 1131 et
994 1087 1220 1150 accepistis
1237 1123 1247 1141 ,
1274 1096 1316 1131 et
1341 1101 1423 1130 au·-

50 1172 70 1193 »
87 1152 207 1197 distis
227 1190 237 1206 ‚
264 1165 306 1199 et
336 1154 504 1200 vidistis
526 1157 570 1201 in
591 1157 701 1203 me3.
728 1178 748 1198 ›>
775 1157 926 1202 Cernis
954 1155 1326 1218 quemadmodum
1349 1155 1424 1199 in—

47 1231 114 1265 ter
145 1222 288 1267 multa
315 1241 415 1285 quae
446 1225 714 1269 exhortando
737 1225 1032 1278 commonuit,
1070 1241 1159 1268 non
1191 1223 1424 1285 neglexerit

46 1306 206 1353 ponere
230 1309 240 1335 :
269 1312 288 1331 «
308 1292 611 1355 Quaecumque
626 1294 757 1338 bonae
775 1293 903 1338 famae
917 1330 927 1349 ‚
953 1314 973 1335 »
998 1292 1258 1355 duobusque
1276 1292 1426 1338 verbis

47 1371 204 1406 cuncta
221 1362 499 1418 concluserit,
522 1364 600 1408 ubi
621 1364 679 1409 ait
698 1382 708 1408 :
732 1384 751 1403 «
775 1364 821 1409 Si
842 1380 928 1427 qua
944 1365 1100 1420 virtus,
1122 1363 1155 1408 si
1174 1379 1261 1426 qua
1280 1363 1422 1409 laus.»

49 1430 117 1476 Ad
150 1430 354 1478 virtutem
385 1450 572 1496 namque
607 1435 825 1496 pertinent
864 1450 963 1496 quae
1005 1444 1130 1478 antea
1161 1432 1420 1478 memoravit

47 1499 193 1545 bona:
221 1500 336 1547 fama
359 1519 461 1547 vero
499 1502 552 1548 ad
586 1503 774 1549 laudem.
816 1505 930 1548 Puto
971 1503 1091 1566 quod
1125 1519 1213 1547 non
1245 1500 1422 1546 laudem

47 1569 276 1617 hominum
306 1590 388 1635 pro
414 1591 571 1633 magno
605 1575 802 1619 sumebat
832 1573 1088 1636 ApostolUS‚
1120 1573 1202 1618 alio
1225 1572 1322 1617 loco
1348 1571 1422 1617 di-

49 1658 147 1686 cens
171 1659 180 1686 :
206 1664 224 1682 «
247 1643 357 1688 Mihi
383 1655 526 1688 autem
551 1645 779 1690 minimum
799 1655 860 1689 est
876 1682 886 1700 ,
914 1655 963 1689 ut
981 1662 1005 1689 a
1028 1644 1155 1689 vobis
1179 1642 1419 1702 dijudicer,

49 1732 70 1752 >³
92 1722 166 1757 aut
187 1713 242 1757 ab
262 1714 456 1759 humano
476 1714 545 1759 die
557 1715 588 1761 4.
616 1736 635 1756 »
659 1716 711 1759 Et
732 1715 837 1760 alibi
862 1733 872 1759 :
895 1735 914 1755 α
935 1715 979 1759 Si
999 1713 1256 1759 hominibus
1273 1713 1421 1775 place-

50 1801 71 1821 »
89 1797 177 1826 rem
197 1817 207 1835 ‚
231 1783 395 1827 Christi
425 1800 568 1828 servus
591 1801 678 1828 non
701 1783 877 1829 essem5.
906 1805 926 1824 »
963 1787 1019 1828 Et
1043 1784 1200 1828 iterum
1225 1799 1235 1826 :
1266 1803 1286 1823 c<
1310 1782 1421 1826 Nam

49 1869 70 1890 »
89 1850 222 1909 gloria
257 1862 401 1896 nostra
425 1852 522 1897 haec
554 1863 615 1897 est
629 1890 639 1907 ‚
678 1853 974 1898 testimonium
1009 1851 1285 1897 conscientiae
1320 1867 1422 1895 nos-

50 1937 70 1958 »
87 1921 206 1964 traess.
231 1942 249 1961 n
271 1921 354 1966 Sed
373 1921 546 1967 illorum
563 1922 769 1977 duorum,
792 1923 836 1968 id
852 1933 929 1970 est.
948 1922 1078 1966 bonae
1094 1922 1213 1975 vitae,
1235 1931 1276 1965 et
1292 1921 1424 1965 bonae

46 1988 175 2035 famae
192 2028 202 2042 ,
227 1991 294 2037 vel
311 1992 432 2055 quod
449 1993 624 2038 brevius
645 1992 827 2047 dicitur,
847 1993 1021 2038 virtutis
1038 2003 1080 2037 et
1097 1991 1258 2046 laudis,
1286 2007 1423 2035 unum

48 2070 230 2122 propter
252 2078 294 2106 se
320 2062 463 2124 ipsum
490 2063 798 2125 sapientissime
817 2063 1031 2108 retinebat
1049 2099 1059 2117 ‚
1087 2061 1267 2106 alterum
1290 2077 1423 2123 prop-

50 2139 115 2173 ter
132 2129 235 2174 alios
252 2130 647 2176 misericordissime
663 2131 940 2194 providebat.
963 2130 1047 2176 Sed
1062 2130 1269 2193 quoniam
1287 2145 1424 2192 quan-

51 2198 204 2243 talibet
216 2199 409 2245 humana
431 2201 595 2245 cautela
616 2201 880 2264 suspiciones
900 2199 1322 2246 malevolentissimas
1337 2215 1425 2243 non

52 2279 195 2331 potest
218 2270 336 2314 omni
354 2288 400 2315 ex
422 2281 545 2333 parte
569 2272 704 2316 vitare
721 2309 731 2324 ‚
754 2272 831 2316 ubi
855 2288 936 2334 pro
951 2269 1259 2315 existimatione
1280 2279 1424 2313 nostra

54 2338 268 2400 quidquid
287 2351 401 2385 recte
418 2358 649 2403 possumus
666 2341 910 2391 fecerimus„
935 2342 967 2385 si
990 2340 1124 2402 aliqui
1141 2339 1194 2384 de
1213 2338 1337 2383 nobis
1357 2336 1424 2382 vel

54 2406 167 2451 mala
188 2408 389 2467 fingendo
409 2448 419 2463 ‚
446 2412 513 2456 vel
546 2412 656 2456 male
682 2412 900 2457 credendo
919 2450 929 2468 ‚
955 2412 1116 2457 famam
1140 2420 1332 2454 nostram
1353 2407 1425 2452 de-

39 2475 245 2521 *colorare
270 2491 499 2527 conantur.
521 2481 633 2525 adsit
653 2483 927 2527 conscientiae
946 2481 1143 2526 solatium
1163 2516 1173 2533 ‚
1208 2478 1423 2540 planeque

47 2563 50 2565 ’
107 2567 115 2587 ¹
134 2579 150 2596 2
171 2569 333 2604 C01·.vu1.,
352 2581 451 2600 21.——
468 2571 481 2591 ²
504 2583 513 2600 ι
533 2573 603 2603 Cor.
626 2583 657 2611 x,
676 2575 775 2603 33.-
797 2571 811 2594 3
831 2572 944 2615 Philip.
964 2585 1007 2608 ιν,
1025 2574 1053 2603 8.
1070 2584 1148 2611 9.-
1168 2568 1213 2600 41
1238 2574 1308 2601 Cor.
1327 2581 1371 2612 ι-ν,
1390 2572 1423 2602 3.

60 2637 102 2641 —
119 2616 132 2639 5
151 2621 253 2650 Galat.
274 2633 297 2661 ι,
323 2633 371 2653 10,
390 2640 433 2645 —
449 2622 462 2641 ‘²
485 2636 499 2653 9.
518 2627 578 2654 Cnr
606 2636 651 2654 xi.
