1758 3246
321 360 375 390 DE
411 359 512 389 FIDE
549 359 602 389 ET
636 358 876 398 ornamus,
915 358 1000 388 uss.
1043 358 1075 388 1.
1332 343 1391 406 67

30 423 86 470 eis
100 423 177 487 qui
195 424 367 486 sapiunt
386 423 516 468 fidem
537 423 625 467 sine
653 423 858 486 operibus
881 421 1022 467 valere
1043 421 1095 466 ad
1127 423 1324 479 salutem,
1347 434 1396 469 ut

29 494 122 540 illos
154 494 280 538 etiam
317 493 592 538 daemonibus
626 503 868 555 comparet,
903 492 1083 537 dicens:
1115 512 1135 531 «
1159 492 1228 536 Tu
1262 493 1400 539 credis

30 585 51 605 n
73 563 277 626 quoniam
301 579 412 607 unus
436 572 499 607 est
524 562 639 606 Deus
662 579 673 606 :
702 562 813 607 bene
837 561 967 616 facis,
994 570 1036 606 et
1058 559 1278 606 daemones
1304 578 1402 608 cre—

30 653 50 672 »
75 631 185 677 dunt
206 642 247 676 et
268 629 644 677 contremiseunt&
670 653 690 673 »
713 630 835 687 Quid
854 631 1050 686 brevius,
1078 629 1239 685 verius,
1265 631 1403 675 vehe—

30 701 210 746 mentius
243 700 330 746 dici
357 701 526 763 potuit,
557 717 660 746 cum
693 702 803 746 etin
826 700 1063 760 Evangelio
1094 699 1284 758 legamus
1319 700 1406 745 hoc

29 771 176 816 dixisse
196 770 427 825 daemonia,
450 787 551 815 cum
580 770 806 815 Christum
840 769 999 815 Filium
1033 769 1111 813 Dei
1141 768 1407 813 confiteren-

29 851 114 892 tur,
143 849 186 884 et
209 840 264 884 ab
291 839 365 884 illo
388 840 761 902 corriperentur2‚
791 839 913 903 quod
937 840 983 884 in
1009 837 1127 883 Petri
1145 836 1410 882 confessione

27 909 251 955 laudatum
276 912 366 954 est?
395 931 415 950 α
435 909 555 965 Quid
574 909 790 972 proderit,
822 911 882 955 ait
904 910 930 954 J
934 908 1115 963 acobus‚
1137 907 1288 952 fratres
1305 908 1407 963 mei,

28 1000 49 1021 2>
71 980 106 1024 si
126 978 256 1023 fidem
274 978 390 1023 dicat
405 997 446 1024 se
464 980 561 1041 quis
578 979 741 1024 habere
758 999 768 1032 3
797 996 929 1042 opera
949 988 1095 1024 autem
1112 993 1201 1021 non
1222 977 1410 1022 habeat?

28 1070 48 1091 »
74 1048 303 1111 Numquid
337 1050 499 1111 poterit
532 1049 639 1093 fides
681 1049 846 1094 salvare
881 1050 1048 1094 eumP»
1081 1047 1200 1092 Dicit
1240 1047 1369 1092 etiam
1397 1064 1408 1091 :

27 1139 48 1156 a
74 1118 188 1174 Quia
206 1116 311 1161 fides
336 1118 426 1161 sine
455 1117 662 1179 operibus
688 1128 858 1163 mortua
878 1118 982 1164 est3.
1008 1139 1028 1159 »
1052 1117 1290 1180 Quousque
1312 1133 1413 1175 ergo

25 1186 250 1242 falluntur,
273 1185 351 1249 qui
364 1185 417 1231 de
435 1186 522 1231 fide
545 1196 716 1232 mortua
740 1187 823 1232 sibi
846 1187 981 1232 vitam
998 1195 1257 1249 perpetuam
1278 1185 1414 1248 polli—

26 1266 189 1301 centur.

86 1323 246 1370 XXIV.
289 1323 571 1386 Quapropter
601 1323 833 1383 diligenter
854 1334 1027 1387 oportet
1059 1323 1278 1369 attendere
1297 1340 1409 1387 quo-

0 1402 2 1469 }
26 1393 155 1439 modo
183 1393 437 1456 accipienda
464 1394 518 1439 sit
545 1393 727 1456 apostoli
761 1394 889 1440 Pauli
913 1394 989 1440 illa
1014 1394 1246 1450 sententia>
1282 1394 1414 1457 plane

0 1463 80 1537 'ad
113 1462 443 1522 intelligendum
492 1462 710 1519 difficilis,
760 1464 838 1510 ubi
873 1464 934 1509 ait
965 1481 976 1508 :
1015 1485 1036 1505 «
1061 1463 1414 1509 Fundamentum

0 1544 2 1588 J
27 1555 47 1575 »
71 1533 186 1578 enim
209 1532 328 1578 aliud
350 1549 477 1578 nemo
502 1543 645 1595 potest
666 1551 849 1596 ponere,
882 1543 1047 1596 praeter
1071 1534 1117 1578 id
1147 1533 1268 1597 quod
1291 1534 1413 1596 posi-

27 1623 46 1645 »
69 1613 163 1648 tum
181 1613 259 1658 est,
278 1602 396 1665 quod
414 1613 476 1647 est
505 1603 707 1649 Christus
738 1604 881 1650 Jesus.
916 1604 961 1648 Si
981 1604 1078 1666 quis
1101 1614 1244 1649 autem
1263 1620 1412 1666 super-

25 1694 46 1714 »
69 1672 259 1718 aedificat
281 1689 412 1734 super
445 1672 785 1718 fundamentum
813 1673 900 1718 hoc
937 1689 1093 1718 aurum
1112 1710 1123 1728 ‚
1152 1683 1378 1732 argentum
1397 1710 1408 1729 ‚

25 1763 46 1784 >2
70 1741 233 1804 lapides
265 1742 491 1804 pretiosos,
524 1741 659 1801 ligna,
699 1741 891 1793 foenum,
934 1742 1161 1805 stipulam,
1193 1742 1406 1788 uniuscu-

26 1834 46 1854 »
67 1814 223 1875 jusque
260 1828 371 1874 opus
408 1810 774 1859 manifestabitur.
832 1813 932 1858 Dies
977 1813 1092 1858 enim
1131 1811 1399 1867 declarabit,

29 1902 46 1924 υ
69 1881 171 1944 quia
193 1881 240 1925 in
259 1881 357 1941 igne
386 1880 650 1927 revelabitur
664 1919 675 1937 ,
712 1893 754 1927 et
784 1883 1127 1945 uniuscujusque
1150 1898 1261 1945 opus
1277 1882 1406 1945 quale

25 1972 45 1993 n
67 1951 119 1996 sit
141 1951 251 2010 ignis
273 1950 497 2013 probabit.
526 1950 572 1995 Si
592 1955 718 2010 cujus
737 1969 848 2015 opus
865 1952 1168 2014 permanserit,
1195 1951 1315 2014 quod
1336 1968 1404 1997 su-

27 2042 47 2062 »
71 2019 402 2082 peraedificavit,
425 2020 668 2065 mercedem
690 2021 888 2084 accipiet.
918 2021 965 2066 Si
986 2025 1112 2080 cujus
1129 2030 1271 2066 autem
1291 2038 1403 2084 opus

26 2110 46 2130 »
68 2089 232 2145 arserit,
267 2089 478 2135 damnum
504 2090 696 2152 patietur
717 2108 728 2135 ε
750 2091 843 2153 ipse
867 2102 1012 2136 autem
1036 2090 1178 2136 salvus
1209 2091 1316 2148 erit,
1340 2093 1402 2137 sic

26 2179 46 2200 >³
69 2169 210 2205 tamen
233 2159 355 2222 quasi
371 2175 448 2221 per
466 2159 646 2218 ignem&
672 2183 692 2203 »
718 2160 850 2218 Quod
873 2161 1054 2225 quidam
1076 2162 1135 2206 ita
1156 2161 1402 2221 intelligen-

26 2227 130 2274 dum
150 2239 333 2292 putant,
369 2239 418 2273 ut
439 2228 504 2274 illi
528 2228 759 2276 videantur
781 2231 1000 2277 aedificare
1022 2248 1151 2294 super
1176 2231 1264 2276 hoc
1294 2231 1400 2276 fun-

26 2299 274 2346 damentum
292 2316 463 2357 aurum,
490 2313 732 2361 argentum,
762 2303 928 2367 lapides
943 2305 1169 2367 pretiosos,
1200 2306 1277 2369 qui
1294 2305 1396 2351 fidei

26 2387 122 2435 quae
138 2371 183 2417 in
210 2370 386 2416 Christo
407 2380 486 2427 est,
507 2371 623 2417 bona
642 2390 772 2436 opera
792 2373 1032 2433 adjiciunt3
1058 2374 1123 2420 illi
1148 2385 1290 2420 autem
1314 2376 1395 2421 foe-

26 2457 145 2498 num,
164 2441 298 2502 ligna,
323 2441 550 2504 stipulam,
572 2444 649 2506 qui
671 2461 772 2489 cum
799 2445 996 2490 eamdem
1015 2444 1148 2490 fidem
1171 2445 1361 2490 habeant
1379 2484 1392 2499 ,

27 2510 132 2556 male
161 2523 407 2575 operantur.
438 2513 562 2560 Unde
594 2515 861 2561 arbitrantur
891 2533 969 2580 per
999 2515 1210 2579 quasdam
1239 2532 1395 2577 poenas

72 2607 83 2630 ¹
102 2608 212 2642 Jacob.
231 2620 272 2648 11,
294 2610 532 2652 19.—²Marc.
554 2624 578 2656 1,
597 2619 655 2657 24,
676 2614 919 2653 etMaul1.xv1‚
942 2615 1046 2647 16.—
1060 2610 1074 2636 3
1089 2611 1202 2646 Jacob.
1218 2623 1256 2651 11,
1276 2619 1390 2651 1440,

28 2658 98 2686 —4
118 2673 130 2694 1
150 2663 223 2696 Cor.
247 2674 302 2705 111,
320 2667 439 2702 11·15.

1224 2718 1242 2731 fi

1219 2735 1262 2766 O.
