1758 3246
1 290 318 363 {ENcmRmtoN
356 313 409 341 Du
445 312 564 350 Fron,
594 311 668 340 SPE
705 310 757 340 ΕΤ
793 310 1059 351 cuum-Ara,
1091 314 1178 344 mn.
1223 315 1252 345 1.
1306 297 1388 344 155

2 381 108 440 *tius
141 390 334 425 correcta
364 378 674 441 emendataque
699 388 867 424 natura.
896 377 1020 422 Absit
1052 378 1164 423 enim
1193 390 1242 424 ut
1274 379 1397 424 illum

2 442 326 505 {bimembrem‚
359 449 434 512 qui
455 465 596 510 nuper
618 458 745 492 natus
768 458 828 492 est
852 447 898 492 in
925 447 1102 492 Oriente
1120 484 1130 502 ,
1158 447 1210 492 de
1248 466 1336 511 quo
1357 459 1400 494 et

2 529 5 566 ὲ
22 521 172 567 fiatrcs
191 519 425 564 fidelissimi
442 518 561 581 quod
579 535 677 563 eum
695 518 882 563 viderint
898 517 1156 572 retulerunt,
1179 527 1220 561 et
1238 529 1399 564 sanctae

1 590 239 637 2mem0riae
261 589 553 651 Hieronymus
576 588 803 651 presbyter
826 588 1040 650 scriptum
1069 587 1246 649 reliquit
1273 605 1283 631 ε
1313 588 1396 632 ab-

2 660 92 716 tsit,
111 659 307 722 inquam,
335 670 384 704 ut
410 676 545 704 unum
563 658 786 703 hominem
807 657 1049 721 duplicem,
1074 673 1123 702 ac
1148 673 1237 702 non
1254 657 1401 720 potius

2 720 148 779 {duom
173 728 292 792 quod
310 729 507 774 futurum
530 728 685 783 fuerat,
707 728 741 772 si
764 728 923 786 gemini
943 736 1236 782 nascerentur,
1260 743 1399 771 resur-

2 810 212 857 grecturos
251 799 550 843 existimemus.
608 800 673 842 Ita
711 809 867 843 caetera
904 814 1004 862 quae
1044 796 1202 857 singuli
1237 796 1400 861 quique

3 863 169 934 sspartus
193 869 261 913 vel
282 868 468 931 amplius
489 868 558 913 vel
578 868 720 913 minus
743 868 908 931 aliquid
936 867 1141 913 habendo
1156 904 1167 923 ,
1197 867 1264 912 vel
1284 885 1398 930 qua-

3 932 118 1003 3dam
154 939 289 983 nimia
316 937 585 983 deformitate
616 949 806 983 monstra
841 938 1065 993 dicuntur,
1105 937 1159 983 ad
1190 937 1399 983 humanae

3 1007 184 1058 {naturae
215 1009 399 1067 figuram
422 1008 732 1059 resurrectione
756 1009 1099 1064 revocabuntur,
1140 1008 1201 1053 ita
1231 1018 1280 1052 ut
1306 1007 1398 1053 sin·-

3 1065 7 1145 ξ
20 1077 131 1139 gulae
157 1078 312 1123 animae
329 1077 495 1137 singula
521 1095 597 1123 sua
613 1095 797 1141 corpora
823 1078 1072 1133 obtineant,
1095 1077 1227 1123 nullis
1245 1078 1399 1123 cohae-

4 1148 214 1194 {rentibus
232 1147 359 1192 etiam
380 1164 670 1211 quaecumque
690 1148 955 1192 cohaerentia
977 1158 1076 1193 nata
1099 1148 1271 1192 fuerant
1291 1167 1302 1200 3
1325 1147 1398 1192 sed

4 1228 207 1269 {seorsum
243 1217 327 1262 sibi
364 1217 542 1274 singulis
581 1234 656 1262 sua
688 1217 881 1262 membra
914 1217 1198 1272 gestantibus,
1238 1216 1401 1275 quibus

4 1274 202 1352 {humani
228 1285 423 1347 corporis
447 1284 693 1347 completur
714 1283 948 1342 integritas.
986 1283 1085 1328 Non
1120 1292 1264 1327 autem
1287 1282 1402 1345 perit

0 1353 9 1398 ,Ι
21 1356 111 1401 Deo
137 1365 305 1400 terrena
335 1354 532 1399 materies
548 1391 558 1408 ‚
592 1353 646 1398 de
678 1370 765 1416 qua
794 1352 1043 1398 mortalium
1068 1362 1242 1397 creatur
1266 1369 1396 1397 caro:

0 1393 92 1474 ised
114 1427 160 1471 in
182 1424 422 1489 quemlibet
440 1424 665 1487 pulverem
693 1425 934 1469 cineremve
961 1423 1169 1478 solvatur,
1196 1422 1243 1468 in
1264 1439 1398 1486 quos-

0 1476 10 1558 :3
19 1488 126 1541 libet
148 1495 310 1540 halitus
329 1511 539 1557 aurasque
564 1493 781 1553 diffugiat,
807 1494 853 1538 in
871 1509 1196 1556 quamcumque
1214 1492 1400 1538 aliorum

0 1580 11 1630 3
21 1581 256 1628 corporum
279 1564 563 1609 substantiam
594 1563 662 1609 vel
687 1563 732 1608 in
759 1563 853 1626 ipsa
885 1563 1093 1608 elementa
1122 1573 1335 1616 vertatur,
1356 1562 1401 1607 in

0 1694 1 1698 Ἰ
21 1650 400 1698 quorumcumque
416 1633 668 1679 animalium
691 1633 819 1678 etiam
844 1632 1075 1678 hominum
1099 1632 1249 1678 cibum
1274 1632 1403 1677 cedat

0 1721 2 1749 ;
22 1721 280 1768 carnemque
314 1714 521 1759 mutetur,
547 1703 610 1749 illi
636 1704 792 1748 animae
810 1703 1020 1748 humanae
1045 1713 1214 1766 puncto
1234 1713 1401 1766 tempo-

0 1774 79 1820 »ris
112 1774 241 1830 redit,
278 1790 379 1837 quae
401 1774 520 1820 illam
541 1774 767 1837 primitus,
804 1784 852 1818 ut
880 1773 1015 1818 homo
1054 1774 1192 1830 fieret,
1220 1774 1399 1829 viveret,

0 1855 245 1907 ›‚cresceret‚
282 1845 503 1890 animavit.
536 1846 637 1908 Ipsa
666 1845 811 1907 itaque
846 1855 1014 1890 terrena
1048 1845 1265 1901 materies,
1302 1861 1404 1908 quae

0 1913 266 1983 >3discedente
292 1915 432 1960 anima
452 1916 502 1960 fit
520 1915 706 1961 cadaver
723 1952 734 1969 ‚
757 1932 846 1960 non
865 1914 926 1960 ita
948 1915 1260 1960 resurrectione
1279 1932 1404 1978 repa-

0 1987 2 2031 l
25 1986 210 2041 rabitur,
241 1995 290 2031 ut
316 2002 364 2030 ea
384 2002 484 2048 quae
502 1985 761 2030 dilabuntur
776 1995 818 2029 et
840 1985 886 2029 in
901 1984 1004 2030 alias
1021 1995 1150 2047 atque
1175 1984 1276 2029 alias
1295 1984 1405 2029 alia-

0 2068 120 2100 rum
150 2072 294 2100 rerum
335 2055 497 2118 species
535 2055 780 2118 formasque
814 2065 1071 2109 vertuntur,
1107 2053 1306 2118 quamvis
1348 2053 1405 2099 ad

27 2141 184 2188 corpus
214 2125 392 2170 redeant
427 2125 544 2170 unde
583 2125 750 2188 dilapsa
788 2136 906 2172 sunt.
938 2124 993 2170 ad
1032 2125 1203 2170 easdem
1233 2141 1409 2187 quoque

26 2195 218 2259 corporis
246 2206 390 2258 partes
414 2195 492 2240 ubi
520 2195 716 2250 fuerunt,
746 2195 886 2239 redire
905 2211 1074 2239 necesse
1106 2195 1172 2241 sit.
1197 2194 1405 2257 Alioquin

28 2265 60 2310 si
83 2265 251 2329 capillis
272 2265 383 2310 redit
409 2265 528 2328 quod
548 2275 639 2310 tam
665 2265 818 2310 crebra
839 2275 1013 2310 tonsura
1043 2264 1244 2320 detraxit,
1272 2265 1306 2309 si
1327 2281 1405 2309 un-

29 2335 183 2395 guibus
200 2335 319 2398 quod
342 2336 465 2380 toties
482 2335 670 2398 dempsit
686 2335 865 2380 exsectio
881 2355 892 2387 ;
916 2334 1201 2380 immoderata
1220 2345 1261 2379 et
1288 2334 1406 2379 inde-

30 2421 126 2451 cens
162 2406 474 2464 cogitantibus.
517 2416 559 2451 et
602 2406 700 2451 ideo
737 2407 1092 2451 resurrectionem
1134 2406 1275 2451 carnis
1318 2422 1407 2450 non

31 2473 305 2519 credentibus
337 2476 528 2521 occurrit
562 2476 817 2522 informitas.
862 2476 946 2521 Sed
973 2475 1347 2539 quemadmodum
1371 2476 1405 2520 si

0 2557 18 2596 ¹1
33 2543 201 2590 statua1
223 2544 458 2603 cujuslibet
486 2545 680 2591 solubilis
710 2546 869 2592 metalli
898 2557 973 2592 aut
996 2547 1093 2606 igne
1122 2545 1375 2608 liquesceret
1392 2583 1403 2601 ,

0 2626 18 2685 ¹3
79 2626 91 2649 1
109 2627 193 2659 Vide
208 2626 263 2658 lib.
283 2638 366 2664 xxu,
380 2626 419 2658 de
437 2627 531 2659 Civit.
552 2628 623 2669 Dei⁷
643 2640 670 2660 c.
696 2641 748 2669 19.

15 2695 19 2730 1

0 2417 3 2451 t
