1758 3246
475 290 529 319 nE
566 286 813 326 MENDACIO,
856 291 939 320 Lm.
985 294 1011 320 1.
1340 279 1431 342 [227

65 372 212 404 verum
236 356 376 408 dicere
402 366 450 401 ut
475 353 625 400 sallat‘?
663 354 740 400 Ille
771 355 847 417 qui
876 352 1032 399 falsum
1057 355 1241 403 dicendo
1272 358 1358 418 egit
1383 368 1432 403 ut

64 443 215 472 verum
246 436 492 490 sequeretur
527 424 598 469 cui
622 424 755 479 dixit,
792 442 846 469 an
876 424 953 469 iste
977 425 1051 486 qui
1076 442 1225 472 verum
1246 427 1431 474 dicendo

65 497 151 557 egit
176 508 224 542 ut
238 496 393 542 falsum
408 505 654 559 sequeretur
677 495 747 539 cui
775 494 906 540 dixit.q
932 495 1001 540 An
1028 493 1137 540 forte
1160 497 1291 542 ambo
1309 515 1435 543 men,

66 567 135 612 titi
156 577 254 612 sunt
273 603 283 622 ‚
310 566 380 611 ille
398 562 499 628 quia
521 564 660 610 voluit
690 563 842 609 falsum
870 564 1010 609 dicere
1026 601 1036 619 ‚
1075 565 1152 610 iste
1176 566 1278 628 quia
1298 567 1438 619 voluit

64 635 242 682 fallere?
268 639 335 682 An
362 635 506 698 potius
530 645 680 680 neuter
707 651 854 679 eorum
880 636 1084 680 mentitus
1108 645 1197 691 est,
1230 634 1302 680 ille
1334 637 1438 699 quia

65 706 330 752 voluntatem
364 704 524 751 habuit
544 722 631 750 non
654 704 860 760 fallendi,
886 715 928 750 et
956 704 1028 750 ille
1049 705 1151 768 quia
1168 705 1438 751 voluntatem

65 776 226 828 habuit
242 794 392 822 verum
412 776 615 822 dicendi?
638 777 735 821 'Non
756 775 868 820 enim
887 792 1005 820 nunc
1022 776 1165 836 agitur
1177 776 1275 840 quis
1290 793 1441 827 eorum

66 847 311 912 peccaverit
331 884 340 902 ,
367 846 439 892 sed
464 848 560 911 quis
584 846 789 891 mentitus
813 845 880 892 sit.
912 845 1010 891 Cito
1038 846 1152 891 enim
1182 846 1354 892 videtur
1369 845 1441 892 ille

66 933 265 981 peccasse
283 955 293 973 ,
321 917 398 981 qui
423 934 574 962 verum
599 915 785 962 dicendo
810 916 896 976 egit
921 926 970 961 ut
996 915 1131 962 homo
1156 916 1368 962 incideret
1395 917 1442 962 in

67 986 254 1033 latrones
276 1005 286 1031 ε
308 986 380 1032 1116
401 998 540 1032 autem
566 1003 652 1031 non
671 1003 869 1048 peccasse
886 1022 896 1041 ,
917 984 984 1031 vel
1000 986 1130 1031 etiam
1152 986 1262 1032 bene
1276 985 1440 1041 fecisse,

68 1057 146 1121 qui
180 1055 336 1102 falsum
375 1056 561 1102 dicendo
595 1056 681 1116 egit
713 1066 761 1101 ut
785 1056 919 1101 homo
945 1056 1179 1120 perniciem
1213 1057 1437 1104 devitaret.

70 1127 155 1172 Sed
178 1137 360 1190 possunt
385 1127 577 1190 exempla
602 1127 681 1172 ista
701 1127 921 1182 converti,
946 1137 993 1172 ut
1017 1137 1060 1171 et
1077 1126 1147 1172 ille
1165 1127 1330 1191 aliquid
1351 1145 1446 1188 grae

69 1197 163 1241 vius
183 1196 280 1242 eum
307 1197 399 1259 pati
427 1197 529 1241 velit
551 1213 679 1259 quem
703 1195 793 1240 falli
811 1213 898 1240 non
918 1196 1038 1249 vult;
1064 1196 1191 1241 multi
1212 1197 1324 1247 enim
1347 1213 1446 1242 vera

0 1263 1 1272 ¹
69 1264 273 1329 quaedam
294 1264 596 1324 cognoscendo
621 1265 703 1309 sibi
730 1264 973 1310 intulerunt
999 1266 1234 1328 perniciem
1252 1304 1262 1322 ‚
1293 1266 1327 1311 si
1344 1266 1446 1312 talia

67 1335 246 1381 fuerunt
269 1346 318 1380 ut
342 1352 412 1380 eos
434 1335 565 1380 latere
586 1334 851 1381 debuerintz
875 1346 916 1380 et
935 1336 1011 1381 iste
1040 1336 1204 1399 aliquid
1228 1336 1450 1382 commodi

70 1405 174 1451 velit
193 1404 377 1468 adipisci
395 1421 494 1450 eum
515 1421 645 1467 quem
668 1404 764 1450 vult
780 1403 895 1456 falli;
916 1405 1116 1451 nonnulli
1135 1406 1246 1452 enim
1267 1406 1345 1470 qui
1364 1405 1448 1452 sibi

70 1485 253 1521 mortem
275 1474 543 1530 intulissent,
573 1475 607 1519 si
628 1474 795 1537 aliquid
818 1475 921 1520 mali
949 1475 1068 1539 quod
1091 1493 1188 1521 vere
1211 1476 1451 1538 contigerat

72 1545 126 1591 de
147 1545 291 1591 charis
310 1545 398 1590 suis
424 1546 729 1604 cognovissent
747 1583 758 1601 ‚
782 1544 938 1590 falsum
960 1546 1159 1608 putando
1184 1547 1267 1592 sibi
1289 1565 1450 1611 peper-

74 1626 254 1668 cerunt3
292 1625 420 1679 atque
444 1615 503 1660 ita
527 1614 619 1659 falli
638 1615 696 1660 eis
717 1614 912 1678 profuit,
935 1615 1047 1661 sicut
1067 1614 1158 1662 aliis
1184 1615 1329 1662 obfuit
1351 1634 1451 1662 vera

72 1702 341 1746 cognoscere.
386 1685 483 1730 Non
517 1702 616 1745 ergo
640 1684 684 1731 id
707 1686 870 1745 agitur,
898 1702 986 1748 quo
1019 1687 1165 1732 animo
1198 1687 1453 1740 consulendi

75 1767 150 1803 aut
174 1754 389 1810 nocendi,
421 1756 488 1801 vel
522 1755 593 1801 ille
622 1754 781 1800 falsum
806 1755 914 1801 dixit
951 1774 1004 1801 ne
1042 1756 1237 1813 falleret,
1276 1758 1345 1803 vel
1373 1758 1449 1810 iste

73 1844 224 1872 verum
245 1826 352 1872 dixit
383 1837 433 1871 ut
470 1825 669 1871 falleret:
697 1825 771 1871 sed
800 1827 986 1889 exceptis
1016 1829 1256 1874 commodis
1283 1839 1358 1874 aut
1379 1829 1451 1875 in-

75 1895 316 1944 commodis
332 1913 481 1942 eorum
499 1897 660 1959 quibus
687 1896 825 1942 locuti
850 1908 972 1950 511111,
994 1909 1209 1960 quantum
1234 1899 1289 1944 ad
1313 1900 1452 1963 ipsam

76 1967 298 2013 veritatem
327 1965 642 2031 falsitatemque
678 1967 858 2022 attinet,
895 1968 1108 2031 quaeritur
1138 1969 1235 2032 quis
1270 1987 1420 2016 eorum
1439 2008 1449 2026 ‚

79 2056 134 2084 an
156 2048 336 2101 uterque
362 2047 564 2082 neuterve
598 2036 802 2082 mentitus
834 2038 903 2083 sit.
951 2037 996 2083 Si
1034 2039 1149 2084 enim
1178 2040 1455 2086 mendacium

78 2119 141 2154 est
162 2107 401 2153 enuntiatio
421 2123 523 2152 cum
550 2107 774 2152 voluntate
798 2106 956 2152 falsum
981 2109 1237 2155 enuntiandi
1253 2147 1264 2165 ‚
1289 2110 1361 2156 ille
1377 2128 1457 2174 po·

81 2179 164 2224 tius
188 2178 391 2223 mentitus
410 2188 471 2222 est
494 2178 573 2241 qui
601 2177 759 2223 falsum
781 2177 924 2223 dicere
945 2179 1085 2224 voluit
1104 2217 1114 2235 ‚
1150 2190 1192 2225 et
1215 2180 1320 2226 dixit
1339 2180 1458 2244 quod

81 2249 220 2295 voluit
237 2286 248 2304 ‚
273 2248 470 2311 quamvis
487 2266 540 2293 116
556 2247 722 2293 falleret
744 2248 896 2294 dixerit
918 2267 928 2293 :
957 2249 991 2294 si
1017 2261 1159 2296 autem
1181 2251 1457 2297 mendacium

82 2331 144 2365 est
160 2319 369 2383 quaelibet
387 2319 626 2364 enuntiatio
645 2335 745 2364 cum
769 2320 995 2365 voluntate
1017 2320 1197 2367 fallendi
1220 2359 1230 2377 ‚
1254 2339 1339 2367 non
1359 2322 1431 2366 ille
1446 2358 1456 2377 ‚

83 2387 157 2434 sed
179 2388 256 2433 iste
277 2387 481 2432 mentitus
514 2398 576 2432 est
597 2425 607 2433 .
641 2389 714 2451 qui
750 2389 878 2434 etiam
911 2407 1062 2435 verum
1096 2390 1282 2436 dicendo
1315 2390 1461 2436 fallere

85 2456 226 2502 voluit
247 2474 258 2500 ε
282 2456 400 2518 quod
419 2456 452 2501 si
477 2456 754 2503 mendacium
772 2468 833 2503 est
856 2459 1097 2504 enuntiatio
1121 2476 1221 2504 cum
1241 2459 1464 2505 voluntate

88 2524 270 2584 alicujus
291 2524 486 2570 falsitatis
504 2563 514 2579 ‚
554 2527 685 2572 ambo
709 2527 879 2573 mentiti
914 2539 1038 2581 sunt3
1064 2529 1166 2592 quia
1186 2539 1229 2574 et
1248 2528 1320 2574 ille
1341 2546 1459 2575 suam

88 2595 424 2640 enuntiationem
451 2595 599 2641 falsam
624 2614 709 2641 esse
727 2597 887 2643 voluit.
913 2609 952 2641 et
979 2599 1058 2643 iste
1081 2598 1134 2643 de
1155 2617 1256 2644 vera
1287 2617 1361 2645 sua
1380 2600 1464 2645 fal-
