1758 3246
283 303 334 332 1ης
370 302 607 331 como-cns
645 301 957 333 Auctrrutxis.
1000 303 1083 334 111..
1127 304 1157 334 1,
1329 288 1421 347 3130

55 369 203 414 liceret
224 367 440 430 inquirere
457 402 468 420 ,
495 364 529 409 si
548 364 847 411 fornicationis
871 381 998 410 causa
1022 366 1259 412 divortium
1280 383 1426 411 nasce-

58 450 190 486 retur.
222 440 335 484 Cum
357 453 459 482 vero
477 435 556 480 ista
574 452 701 482 031153
727 454 815 481 11011
835 446 924 489 est,
949 448 1163 498 superest,
1187 437 1426 482 secundum

58 509 103 555 id
123 508 241 570 quod
258 507 484 560 existimas,
507 515 555 550 ut
572 515 646 550 aut
663 510 818 565 conjux
841 523 930 550 non
960 505 1154 550 discedat
1180 525 1201 551 a
1220 511 1422 566 conjuge,

62 589 135 624 aut
151 579 185 623 si
201 576 437 622 discesserit
454 612 464 631 ,
485 575 572 620 sine
593 576 796 635 conjugio
816 586 1009 631 maneat,
1031 586 1104 620 aut
1123 575 1178 621 ad
1196 577 1427 638 pristinum

61 649 312 708 conjugium
334 656 586 692 revertatur.
619 646 748 691 Nulla
771 663 870 705 ergo
894 647 1094 691 existente
1127 663 1255 691 eausa
1288 646 1428 691 forni-

62 718 243 764 cationis
257 755 268 773 ,
294 716 474 762 cuilibet
494 715 669 775 conjugi
688 715 839 761 licebit
865 732 1001 761 unum
1021 715 1073 761 de
1092 715 1232 761 tribus
1254 715 1428 774 eligere3

65 797 138 833 aut
159 804 248 832 non
265 785 483 831 discedere
504 803 527 830 3
550 788 732 844 conjuge
752 805 764 838 ;
791 796 865 830 aut
894 786 928 830 si
955 785 1218 841 discesserit,
1251 785 1311 830 sic
1335 802 1433 830 ma-

64 874 190 910 nere3
231 866 306 901 aut
337 856 371 900 si
402 872 489 900 non
522 856 581 901 sic
606 855 836 912 manserit,
875 872 964 901 non
991 856 1173 901 alterum
1209 871 1401 918 quaerere
1420 891 1430 911 ,

66 926 139 972 sed
162 926 299 990 priori
319 943 360 971 se
377 925 568 973 reddere.

131 998 190 1042 ll.
233 997 288 1041 Et
315 996 393 1040 ubi
418 995 611 1058 estquod
635 996 751 1041 idem
775 996 1026 1059 Apostolus
1053 1013 1132 1041 nec
1151 995 1205 1042 ad
1234 1007 1432 1059 tempus.

0 1119 4 1122 Δ
67 1077 115 1112 ut
144 1075 322 1112 vacetur
352 1065 564 1120 orationi,
595 1065 675 1110 nisi
707 1083 754 1110 ex
788 1082 1026 1122 consensu,
1061 1066 1200 1111 voluit
1237 1066 1441 1127 conjuoes

68 1136 234 1182 carnali
251 1135 486 1181 fr'audare
476 1136 663 1180 invicem
688 1135 869 1181 debito?
895 1137 1128 1192 Ouomodo
1163 1136 1248 1181 salx
1258 1153 1329 1181 um
1362 1136 1443 1180 elit

67 1205 186 1268 quod
221 1206 280 1250 ait
308 1223 319 1250 ε
359 1206 583 1267 «Propter
617 1204 925 1249 fornicationes
962 1216 1105 1249 autem
1147 1205 1444 1266 unusquisque

66 1296 86 1317 >2
106 1292 278 1320 uxorem
293 1291 414 1318 suam
432 1274 595 1316 habeat
611 1282 653 1315 et
668 1287 942 1333 unaquaeque
956 1273 1098 1317 virum
1113 1289 1239 1317 suum
1254 1272 1415 1317 habeat
1430 1290 1440 1316 :

67 1366 89 1388 2)
106 1344 229 1390 uxori
246 1344 314 1389 vir
333 1342 533 1388 debitum
556 1340 713 1386 reddat
730 1378 742 1398 ,
771 1341 969 1387 similiter
986 1352 1129 1388 autem
1149 1352 1191 1387 et
1207 1359 1313 1388 uxor
1328 1342 1434 1388 viro.

67 1435 88 1456 »
109 1415 224 1459 Uxor
251 1430 340 1458 non
370 1411 510 1457 habet
532 1421 791 1474 potestatem
822 1412 1017 1475 corporis
1048 1412 1142 1468 sui,
1169 1412 1243 1458 sed
1271 1412 1360 1465 vir3
1384 1413 1448 1456 sie

68 1506 89 1528 »
107 1484 265 1530 militer
291 1494 333 1529 et
360 1483 428 1528 vir
458 1499 548 1527 non
577 1481 713 1527 habet
738 1492 996 1545 potestatem
1022 1483 1217 1545 corporis
1243 1482 1333 1537 sui,
1370 1482 1445 1527 sed

68 1576 89 1597 2>
107 1552 305 1600 mulier1.
329 1574 350 1594 »
374 1553 470 1598 Hoc
488 1551 710 1615 quomodo
727 1569 878 1598 verum
902 1553 1011 1608 erit,
1041 1553 1123 1598 nisi
1148 1553 1251 1615 quia
1271 1552 1443 1597 nolente

69 1628 251 1683 conjuge
270 1660 281 1679 ,
302 1639 389 1668 non
410 1621 512 1666 licet
542 1621 717 1681 conjugi
746 1622 994 1668 continere?
1019 1624 1131 1667 Nam
1160 1623 1194 1668 si
1219 1622 1319 1668 licet
1342 1639 1446 1667 mu·-

68 1694 160 1740 lieri
189 1695 248 1739 sic
281 1693 497 1738 dimittere
529 1692 698 1748 virum,
734 1703 782 1738 ut
814 1704 987 1738 maneat
1015 1693 1230 1756 innupta,
1260 1710 1349 1739 non
1378 1693 1447 1738 vir

0 1778 2 1836 ἰ
69 1763 228 1819 habet,
255 1762 329 1808 sed
353 1763 448 1825 ipsa
473 1760 538 1807 sui
571 1762 765 1825 corporis
797 1773 1058 1826 potestatem
1090 1763 1211 1826 quod
1234 1764 1361 1809 etiam
1390 1763 1445 1807 de

0 1842 3 1901 fl
69 1833 161 1880 viro
180 1832 449 1891 intelligitur.
479 1831 648 1876 Deinde
677 1848 779 1878 cum
803 1832 971 1878 dietum
991 1844 1051 1878 est
1073 1851 1084 1878 :
1119 1854 1139 1874 «
1166 1833 1447 1894 Quicumque

0 1907 4 1958 ξ
70 1902 316 1948 »dimiserit
350 1917 524 1947 uxorem
554 1917 699 1958 suam,
740 1913 917 1965 excepta
960 1919 1088 1949 causa
1114 1902 1443 1953 fornicationis,

0 1966 5 2037 ξ
71 1995 92 2015 »
110 1973 215 2019 facit
247 1989 342 2018 eam
378 1970 624 2016 moechari2
649 1988 660 2015 z
682 1992 703 2013 >2
729 1971 952 2035 quomodo
987 1972 1156 2017 dictum
1186 1971 1449 2017 intellecturi

2 2040 6 2064 ²
71 2060 240 2100 sumus,
260 2042 343 2088 nisi
359 2040 637 2106 prohibitum
653 2058 740 2086 esse
757 2042 929 2087 homini
952 2042 1169 2087 dimittere
1190 2059 1366 2087 uxorem
1379 2078 1390 2097 ,
1411 2042 1446 2085 si

0 2065 8 2154 l
71 2112 191 2158 nulla
214 2129 343 2158 causa
361 2110 663 2156 fornicationis
683 2111 899 2157 extiterit?
924 2113 980 2156 Et
1004 2112 1174 2158 dictum
1194 2123 1258 2158 est
1279 2128 1412 2174 quare
1431 2148 1443 2166 ,

71 2199 125 2228 ne
142 2182 304 2228 scilicet
318 2181 452 2227 faciat
470 2198 564 2226 eam
582 2180 799 2227 moechari
821 2199 832 2226 ε
855 2182 1005 2245 utique
1020 2182 1119 2227 ideo
1132 2219 1142 2238 ,
1165 2182 1267 2245 quia
1282 2182 1449 2227 etiamsi

71 2270 161 2298 non
191 2252 286 2316 ipsa
308 2251 544 2307 dimiserit,
582 2250 656 2296 sed
689 2251 865 2297 dimissa
894 2251 1048 2310 fuerit,
1081 2251 1162 2297 erit
1188 2251 1389 2306 moecha,
1413 2249 1449 2294 si

72 2324 280 2386 nupserit.
311 2325 497 2385 Propter
513 2321 601 2367 1100
620 2338 720 2381 ergo
744 2332 835 2368 tam
854 2339 1063 2382 magnum
1083 2321 1246 2367 malum
1259 2358 1270 2375 ‚
1292 2337 1381 2365 non
1396 2319 1448 2364 li-

74 2402 142 2437 cet
164 2392 335 2437 homini
357 2391 574 2437 dimittere
592 2407 766 2437 uxorem
781 2429 793 2448 ,
814 2392 893 2437 nisi
909 2410 957 2438 ex
976 2409 1105 2437 causa
1126 2390 1442 2437 fornicationis.

7 2506 14 2536 ὖ
75 2462 202 2506 Τ11110
221 2461 335 2506 enim
351 2478 440 2506 non
454 2462 546 2524 ipse
569 2461 831 2508 dimittendo
851 2462 956 2508 facit
981 2462 1220 2508 adulteram
1237 2497 1248 2516 ,
1276 2459 1349 2505 sed
1374 2459 1448 2504 d}-

10 2538 15 2608 }
72 2530 208 2577 mittit
230 2529 485 2577 adulteram.
516 2530 638 2587 Quid
672 2532 709 2576 si
737 2549 837 2593 ergo
861 2532 989 2592 =dicat
1020 2550 1030 2577 ε
1059 2531 1244 2577 Dimitte
1267 2529 1447 2594 quidem

13 2615 16 2618 ”
124 2614 135 2636 ¹
159 2624 172 2645 1
194 2614 269 2645 Cor.
282 2623 344 2649 vn,
368 2613 437 2646 1-5.
454 2630 497 2636 —
514 2610 530 2635 ²
544 2611 663 2648 Manli.
683 2623 712 2653 v,
730 2615 784 2647 32.

208 2681 394 2714 cxxxtlt.
1266 2666 1326 2722 24

13 2678 17 2709 1

14 2719 17 2755 Ι

15 2765 18 2787 ι

15 2797 19 2890 l

16 2928 21 2974 Ι

18 2995 22 3047 l
