1758 3246
174 352 350 386 CONTRA
384 353 651 385 MENDACIL'M
689 353 744 383 At)
781 354 1083 396 CONSENTOEM,
1123 357 1209 389 [ΑΒ.
1251 359 1282 388 Ι.
1357 343 1447 408 517

88 442 108 462 »
129 421 175 467 in
198 420 323 466 nobis
347 437 432 465 non
451 418 552 466 estst.
565 440 583 461 υ
598 420 710 465 Cum
730 435 829 465 vero
848 418 960 464 nihil
979 419 1072 465 falsi
1084 437 1130 466 ex
1148 425 1237 482 ejus
1254 440 1326 470 ore
1342 441 1453 488 pro-

87 491 223 547 cedit,
249 490 486 536 secundum
508 507 598 536 eam
619 491 800 550 gratiam
821 489 881 535 sic
899 490 977 535 erit
993 489 1046 535 de
1069 508 1156 554 qua
1179 492 1346 540 dictum
1361 505 1448 541 est:

86 582 105 601 «
128 561 215 616 Qui
245 571 372 605 natus
395 569 456 604 est
475 576 519 604 ex
546 561 636 605 Deo
655 596 666 615 ‚
688 577 775 606 non
796 569 949 623 peccat
962 559 995 605 ².
1023 580 1043 600 »
1067 561 1174 606 Haec
1197 563 1310 608 enim
1338 565 1453 610 nati-

86 630 192 676 vitas
212 631 244 675 si
267 629 354 675 sola
370 629 527 674 essetin
545 630 670 675 nobis
685 666 695 685 ‚
720 647 844 675 nemo
864 639 1064 692 peccaret
1085 647 1096 675 :
1119 640 1160 675 et
1178 632 1352 693 quando
1366 633 1454 680 sola

85 701 186 756 erit,
213 717 337 746 nemo
364 700 578 763 peccabit.
607 701 732 746 Nunc
755 710 896 745 autem
918 699 1063 745 adhuc
1080 700 1309 755 trahimus,
1333 703 1453 766 quod

85 769 392 834 corruptibiles
417 769 507 814 nati
534 786 678 815 sumus
718 787 728 814 :
767 769 963 833 quamvis
997 769 1234 816 seeundum
1265 771 1311 816 id
1333 772 1454 836 quod

85 841 220 886 renati
238 856 407 895 sumus,
433 840 595 886 sibene
619 839 896 886 ambulamus
918 876 929 896 ,
957 840 1010 886 de
1034 839 1103 886 die
1125 841 1170 887 in
1187 841 1302 887 diem
1325 859 1455 888 reno-

85 927 238 956 vamur
257 910 444 957 interius.
489 914 601 955 Cum
633 927 734 956 vero
759 920 800 955 et
824 910 1109 974 corruptibile
1145 911 1232 958 hoc
1267 912 1456 959 induerit

83 980 455 1044 incorruptionem
479 1017 490 1036 ‚
521 981 609 1026 vita
633 991 773 1026 totum
799 980 1053 1026 absorbebit
1073 1018 1083 1037 ‚
1107 992 1149 1026 et
1174 981 1317 1028 nullus
1340 1001 1454 1029 mor-

85 1050 138 1096 tis
152 1051 324 1096 aculeus
335 1051 585 1096 remanebit.
606 1051 789 1097 Aculeus
800 1061 941 1096 autem
956 1052 1101 1098 mortis
1111 1054 1446 1116 estpeccatunff’.

149 1121 265 1167 XLI.
309 1122 395 1167 Aut
416 1138 515 1180 ergo
547 1120 739 1166 cavenda
766 1120 992 1166 mendacia
1018 1132 1131 1167 recte
1156 1123 1322 1182 agendo
1341 1161 1352 1179 ,
1380 1135 1456 1169 aut

85 1191 330 1237 confitenda
353 1202 451 1237 sunt
486 1191 741 1253 poenitendo
773 1209 783 1235 z
819 1207 906 1236 non
931 1201 1073 1237 autem
1105 1209 1205 1237 cum
1231 1193 1456 1240 abundent

84 1260 312 1306 infeliciter
328 1260 512 1305 vivendo
530 1297 539 1315 ,
566 1260 760 1319 augenda
780 1270 879 1305 sunt
904 1270 945 1305 et
967 1260 1177 1308 docendo.
1204 1262 1288 1308 Sed
1306 1263 1451 1324 eligat,

85 1331 162 1394 qui
195 1331 281 1376 hoc
315 1341 470 1393 putat,
505 1330 618 1376 unde
655 1331 879 1376 subveniat
914 1331 1177 1394 periclitanti
1201 1332 1370 1379 homini
1399 1334 1455 1381 ad

85 1400 325 1465 quamlibet
343 1400 520 1446 salutem
547 1400 878 1465 qualiacumque
901 1401 1155 1455 mendaci&
1181 1401 1287 1448 dum
1310 1413 1454 1450 tamen

85 1482 126 1517 et
146 1470 263 1534 apud
284 1471 384 1517 tales
404 1472 674 1517 obtineamus
690 1509 700 1527 ,
719 1471 837 1517 nulla
854 1488 979 1517 causa
998 1489 1076 1518 nos
1098 1472 1152 1518 ad
1170 1474 1452 1536 pejerandum

85 1551 126 1586 et
142 1541 535 1604 blasphemandum
553 1552 749 1604 oportere
768 1541 964 1604 perduci.
1005 1543 1091 1588 Ista
1115 1542 1263 1588 saltem
1297 1544 1454 1590 scelera

84 1611 153 1657 vel
176 1611 387 1674 ampliora
426 1612 585 1674 stupris
619 1611 687 1657 vel
726 1622 839 1656 certe
871 1628 958 1656 non
992 1612 1157 1658 minora
1183 1612 1443 1673 judicemus.

85 1682 283 1744 Namque
300 1681 580 1741 cogitandum
600 1692 678 1737 est,
699 1680 929 1744 saepissime
947 1681 1145 1728 homines
1161 1719 1172 1738 ,
1196 1682 1249 1728 de
1265 1700 1450 1746 quarum

86 1750 294 1797 adulterio
318 1752 608 1814 suspicantur,
637 1751 690 1797 ad
710 1751 1016 1811 jusjurandum
1038 1769 1274 1815 provocare
1295 1759 1453 1815 conju-

84 1839 152 1881 ges
174 1839 268 1867 suas
289 1839 299 1866 ε
327 1821 445 1885 quod
468 1822 614 1885 utique
632 1839 719 1866 nou
737 1821 924 1866 facerent
943 1859 954 1877 ,
979 1822 1058 1867 nisi
1082 1823 1306 1869 crederent
1324 1825 1452 1872 etiam

83 1891 176 1937 illas
199 1909 297 1955 quae
323 1909 411 1937 non
436 1891 672 1937 timuerunt
700 1901 949 1954 perpetrare
978 1892 1237 1939 adulterium
1261 1932 1272 1949 ,
1305 1896 1452 1942 timere

83 1978 206 2025 posse
222 1961 475 2025 perjurium.
502 1962 615 2018 Quia
630 1972 671 2007 et
688 1978 830 2006 revera
854 1961 1076 2008 nonnullae
1097 1963 1335 2027 impudicae
1354 1983 1453 2029 quae

84 2049 171 2078 non
210 2033 446 2078 timuerunt
480 2032 631 2078 illicito
661 2031 900 2077 concubitu
938 2032 1051 2077 viros
1087 2032 1233 2079 fallere
1253 2071 1264 2091 ‚
1296 2036 1453 2082 eisdem

83 2103 186 2148 viris
207 2120 315 2167 quos
349 2102 584 2148 fefellerant
617 2102 856 2147 timuerunt
892 2102 1030 2147 Deum
1063 2112 1210 2150 testem
1246 2104 1455 2152 fallaciter

85 2173 308 2221 adhibere.
333 2173 453 2230 Quid
476 2173 607 2233 igitur
630 2189 770 2219 causae
795 2182 884 2228 est,
913 2182 961 2217 ut
981 2173 1114 2219 homo
1139 2185 1279 2220 castus
1295 2186 1336 2221 et
1358 2176 1456 2222 reli-

84 2244 225 2304 giosus
255 2244 424 2290 homini
452 2243 718 2307 baptizando
748 2243 856 2288 nolit
887 2242 1097 2289 adulterio
1131 2245 1359 2292 subvenire
1378 2284 1388 2303 ,
1415 2258 1457 2292 et

83 2313 276 2377 perjurio
297 2313 424 2369 velit,
447 2314 566 2377 quod
589 2313 726 2359 solent
748 2324 790 2358 et
820 2311 1004 2358 adulteri
1031 2313 1293 2361 formidare?
1317 2318 1454 2363 Porro

85 2383 119 2429 si
141 2383 258 2430 nefas
277 2395 338 2429 est
357 2384 443 2430 hoc
468 2401 588 2445 agere
608 2383 840 2448 pejerando
860 2420 870 2438 ,
892 2394 1055 2446 quanto
1072 2385 1218 2447 potius
1242 2385 1454 2449 blasphe-

84 2453 272 2501 mando?
310 2454 434 2500 Absit
456 2471 554 2514 ergo
580 2464 627 2499 ut
653 2453 927 2499 Christianus
948 2463 1071 2512 neget
1090 2464 1218 2517 atque
1240 2454 1454 2520 blasphe-

84 2535 173 2570 met
196 2524 420 2571 Christum
441 2562 451 2581 ,
481 2542 568 2589 quo
584 2525 718 2588 possit
741 2524 874 2569 alium
896 2523 1037 2569 facere
1062 2524 1360 2572 Christianum
1381 2547 1390 2581 ;
1413 2539 1455 2574 et

84 2594 307 2659 pereundo
331 2606 500 2659 quaerat
522 2594 832 2642 inveniendum
853 2630 865 2650 ‚
900 2609 1030 2657 quem
1060 2593 1095 2639 si
1133 2594 1234 2643 talia
1265 2595 1417 2644 doceat
1441 2635 1453 2657 ,

136 2674 146 2699 ¹
173 2686 185 2707 1
202 2678 299 2710 Joan.
314 2686 336 2714 1,
355 2677 385 2710 8.
403 2695 446 2702 --
462 2674 478 2698 2
493 2675 542 2711 Id.
567 2686 675 2718 111‚9.
693 2672 764 2701 —3
783 2686 797 2707 1
819 2675 893 2709 Cor.
911 2684 982 2721 xxv,
1001 2675 1116 2708 53-55.
