1758 3246
300 284 392 333 608
721 299 754 333 s.
797 300 1041 336 Aeeusrm
1078 302 1280 338 Episcom

297 368 464 413 animus
493 367 635 428 elegit,
667 368 850 416 humare
872 385 1001 434 quem
1031 370 1189 432 diligit,
1223 373 1344 419 nullo
1376 372 1507 420 modo
1544 375 1672 422 debet

299 455 319 483 a
337 438 734 502 supplicationibus
749 441 995 486 necessariis
1013 442 1059 486 in
1079 446 1169 501 ejus
1183 445 1562 492 commendatione
1580 463 1671 492 ces-2

296 526 400 556 sare.
446 510 722 574 Ubicumque
756 512 869 557 enim
896 516 1039 571 jaceat
1078 513 1146 558 vel
1184 531 1271 560 non
1302 519 1444 574 jaceat
1478 515 1672 563 defuncti

297 595 415 636 caro,
445 581 614 643 spiritui
641 581 806 643 requies
831 581 1094 644 acquirenda
1114 594 1176 628 est
1200 601 1209 629 :
1235 586 1310 647 qui
1341 602 1441 631 cum
1465 586 1566 632 inde
1588 588 1671 633 exi-

293 660 375 706 ret,
398 667 544 696 secum
559 651 740 696 abstulit
759 668 947 707 sensum,
971 669 1059 715 quo
1082 653 1280 699 interesse
1298 655 1432 718 possit
1451 656 1672 719 quomodo

294 721 476 785 quisque
495 721 564 777 sit,
592 721 678 767 sive
704 722 749 766 in
772 721 915 778 bonis,
943 723 1091 767 sivein
1111 724 1232 769 malis
1252 742 1262 769 ε
1282 742 1359 770 nec
1387 726 1442 771 ab
1469 743 1516 772 ea
1543 744 1672 772 carne

294 803 489 855 expectat
512 791 707 852 adjuvari
734 792 869 837 vitam
893 809 1032 848 suam,
1059 794 1130 838 cui
1153 795 1383 856 praebebat
1403 797 1494 859 ipse
1515 798 1667 854 vitam,

292 879 424 925 quam
446 862 628 907 detraxit
651 862 882 919 excedens,
913 873 953 908 et
979 862 1229 909 redditurus
1260 876 1321 909 est
1347 866 1541 920 rediens;
1567 884 1673 931 quo-

295 932 412 978 niam
433 950 522 978 non
541 950 641 979 caro
660 933 850 996 spiritui,
873 933 944 978 sed
968 934 1144 996 spiritus
1165 935 1283 980 carni
1302 935 1429 980 etiam
1447 937 1582 998 ipsius
1600 954 1671 982 re-

294 1004 570 1050 surrectionis
595 1004 795 1050 meritum
819 1015 1061 1067 comparat,
1085 1016 1230 1051 utrum
1249 1005 1301 1050 ad
1319 1022 1516 1068 poenam,
1538 1024 1590 1053 an
1616 1007 1669 1052 ad

293 1073 472 1134 gloriam
492 1075 733 1121 reviviscat.

359 1146 482 1192 VIII.
523 1146 725 1205 Legimus
751 1146 795 1191 in
819 1146 1118 1191 Ecclesiastica
1141 1146 1323 1192 historia
1343 1184 1354 1203 ,
1378 1164 1508 1210 quam
1532 1164 1670 1207 graece

292 1216 465 1279 scripsit
488 1216 718 1272 Eusebius,
742 1216 846 1261 etin
871 1215 1048 1262 latinam
1073 1215 1264 1276 linguam
1290 1219 1417 1262 vertit
1446 1217 1666 1273 Ruffinus,

295 1287 537 1346 Martyrum
559 1304 743 1346 corpora
762 1287 805 1331 in
826 1286 967 1331 Gallia
987 1287 1169 1332 canibus
1193 1288 1399 1349 exposita,
1425 1304 1669 1351 canumque

290 1355 494 1418 reliquias
519 1365 645 1418 atque
674 1372 766 1400 ossa
787 1364 1057 1399 mortuorum
1078 1372 1211 1417 usque
1239 1357 1293 1400 ad
1312 1368 1539 1402 extremam
1559 1375 1668 1403 con-

291 1426 579 1489 sumptionem
626 1425 801 1484 ignibus
847 1435 1117 1470 concremata
1137 1445 1148 1479 3
1201 1425 1458 1488 eosdemque
1506 1429 1668 1473 cineres

289 1498 423 1543 fluvio
446 1494 684 1551 Rhodano,
715 1512 768 1540 ne
793 1494 900 1558 quid
938 1494 992 1539 ad
1022 1495 1273 1540 memoriam
1305 1495 1667 1561 qualemcumque

287 1568 620 1631 relinqueretur,
650 1566 877 1629 inspersos.
912 1565 1043 1622 Quod
1072 1583 1159 1611 non
1178 1566 1236 1611 ob
1258 1566 1375 1612 aliud
1400 1567 1664 1613 credendum

287 1651 348 1686 cst
361 1638 570 1686 divinitus
585 1637 711 1683 fuisse
721 1636 997 1700 permissum,
1016 1637 1095 1681 nisi
1111 1647 1159 1681 ut
1175 1636 1386 1682 discerent
1406 1638 1662 1695 Christiani,

285 1713 330 1758 in
358 1708 607 1756 confitendo
639 1707 865 1753 Christum
883 1745 892 1762 ,
920 1706 1026 1752 dum
1052 1717 1337 1753 contemnunt
1360 1708 1477 1754 hanc
1509 1709 1661 1766 vitani,

286 1783 425 1829 multo
446 1780 579 1842 magis
603 1790 876 1826 contemnere
894 1777 1177 1841 sepulturam.
1206 1779 1301 1823 Hoc
1326 1778 1441 1823 enim
1463 1779 1582 1842 quod
1600 1779 1664 1826 in-

285 1855 400 1916 genti
422 1852 587 1900 saevitia
611 1851 664 1897 de
688 1849 949 1914 corporibus
978 1851 1222 1913 Martyrum
1250 1847 1417 1894 facturn
1448 1859 1527 1906 est,
1549 1851 1583 1895 si
1605 1851 1663 1899 eis

284 1926 527 1990 quidquam
546 1933 736 1978 noceret,
757 1920 990 1985 quominus
1009 1919 1134 1965 beate
1161 1919 1476 1982 requiescerent
1513 1936 1663 1966 eorum
1727 1963 1731 1966 ,

285 1994 621 2044 victoriosissimi
651 1993 845 2057 spiritus,
867 2009 954 2037 non
975 1991 1124 2053 utique
1142 1990 1235 2035 fieri
1253 1990 1476 2036 sineretur.
1502 1990 1662 2053 Reipsa

281 2086 380 2129 ergo
400 2066 666 2114 declaratum
684 2075 762 2121 est,
780 2081 868 2110 non
887 2063 984 2109 ideo
1002 2061 1159 2121 dixisse
1175 2060 1412 2106 Dominum
1437 2078 1448 2105 t
1471 2081 1491 2102 «
1517 2061 1661 2106 Nolite

281 2162 300 2181 >2
324 2139 474 2184 timere
497 2154 566 2182 eos
593 2136 668 2199 qui
697 2152 856 2198 corpus
880 2133 1104 2188 occidunt,
1133 2143 1173 2177 et
1200 2141 1349 2195 postea
1377 2147 1466 2176 non
1494 2131 1660 2176 habent

275 2231 296 2252 »
320 2208 428 2272 quid
453 2205 658 2261 faciant1,
679 2227 700 2246 υ
719 2204 837 2268 quod
858 2222 945 2249 non
963 2214 1067 2249 esset
1088 2203 1372 2266 permissurus
1393 2201 1559 2265 aliquid
1580 2218 1655 2247 eos

275 2282 416 2327 facere
443 2279 496 2324 de
525 2294 702 2324 suorum
723 2276 983 2340 corporibus
1005 2285 1276 2320 mortuorum
1304 2291 1315 2318 ε
1342 2273 1412 2318 sed
1443 2273 1653 2337 quoniam

279 2348 498 2415 quidquid
531 2347 669 2393 facere
703 2346 899 2410 permissi
930 2360 1081 2401 essent,
1118 2344 1232 2390 nihil
1267 2361 1354 2408 quo
1393 2344 1659 2389 minueretur

277 2421 513 2468 christiana
555 2417 863 2464 defunctorum
903 2415 1085 2461 felicitas
1120 2416 1239 2460 fieret
1264 2449 1276 2469 ,
1317 2413 1429 2458 nihil
1462 2411 1564 2457 inde
1602 2411 1657 2458 acl

276 2507 443 2539 sensum
475 2500 575 2555 post
598 2498 781 2534 mortem
806 2485 1045 2532 viventium
1067 2483 1336 2547 perveniret3
1363 2481 1477 2527 nihil
1503 2481 1557 2528 ad
1577 2480 1657 2527 de-

276 2563 529 2609 trimentum
552 2559 702 2606 saltem
722 2558 916 2621 ipsorum
936 2571 1189 2618 corporum,
1220 2569 1308 2616 quo
1327 2551 1472 2600 minus
1491 2551 1656 2612 integra

270 2640 556 2694 resurgerent,
583 2629 832 2693 pertineret.

293 2710 438 2746 inauli.
454 2721 484 2753 x,
505 2710 560 2756 23,
582 2715 612 2743 et
636 2711 708 2743 Luc.
735 2717 792 2749 xit,
815 2713 844 2743 50.
