1758 3246
343 314 435 371 540
751 330 784 361 s.
828 329 1069 362 Aususrrm
1105 329 1307 362 EPIScorr

341 415 361 436 >³
384 394 551 443 fratreS.
579 394 712 441 nolite
735 397 944 442 infirmari
966 396 1326 443 benefacientes&
1357 417 1376 438 ›>
1403 397 1459 442 Et
1486 397 1540 444 ad
1555 399 1702 446 Titum

339 481 440 509 cum
463 466 684 523 scriberet,
718 466 862 513 dicens
882 485 892 512 :
934 489 953 508 α
973 470 1135 513 Zenam
1166 468 1456 532 legisperitum
1482 480 1523 515 et
1547 471 1703 533 Apollo

333 556 353 575 >³
378 534 554 581 sollicite
576 537 812 600 praemitte,
842 548 888 583 ut
913 537 1026 582 nihil
1040 537 1122 582 illis
1141 538 1250 583 desit
1282 557 1292 583 ε
1333 560 1352 579 »
1378 549 1425 584 ut
1459 540 1698 586 ostenderet

333 605 447 651 unde
465 606 546 651 illis
570 608 681 652 nihil
704 608 843 653 deesse
862 608 1062 664 deberet,
1091 609 1299 654 continuo
1323 610 1568 669 subjunxit:
1596 612 1697 656 Dis—

332 695 354 717 »
375 688 477 722 cant
497 689 638 724 autem
656 689 697 724 et
715 680 849 724 nostri
863 679 988 724 honis
1001 679 1205 743 operibus
1225 697 1404 743 praeesse
1428 681 1483 726 ad
1507 699 1697 728 necessa·

333 765 352 787 >2
377 748 460 792 rios
483 765 603 804 usus,
643 767 696 794 ne
733 749 817 794 sint
843 749 1102 794 infructuosi
1116 750 1149 796 2.
1177 771 1198 792 ))
1228 751 1506 796 Timotheum
1539 753 1666 798 etiam
1687 790 1698 809 ,

331 833 459 879 quem
483 818 588 864 dicit
609 820 978 878 germanissimum
1003 820 1164 877 filium,
1193 822 1399 884 quoniam
1421 823 1587 868 sciebat
1603 841 1697 869 cor-

328 903 434 948 pore
452 887 700 945 infirmum,
727 890 837 935 sicut
861 889 1071 945 ostendit,
1107 908 1283 936 monens
1324 909 1425 937 eum
1454 909 1506 937 ne
1542 909 1701 956 aquam
1757 895 1758 922 ἶ

326 956 494 1001 biberet
510 995 519 1013 ‚
544 958 616 1004 sed
635 959 807 1005 modico
826 960 927 1006 vino
951 971 1157 1016 uteretur,
1186 972 1366 1024 propter
1398 963 1698 1013 stomachum„

328 1026 623 1091 etfrequentes
647 1047 742 1075 suas
773 1029 1042 1076 infirmitates
1072 1030 1115 1084 ὃς
1141 1032 1244 1094 quia
1268 1033 1312 1076 in
1337 1049 1464 1095 opere
1487 1033 1703 1095 corporali

327 1097 524 1145 laborare
552 1118 638 1146 non
657 1111 847 1165 poterat,
874 1118 925 1146 ne
948 1100 1057 1146 forte
1074 1119 1176 1147 eum
1194 1102 1385 1163 indigere
1409 1103 1542 1148 nollet
1577 1105 1700 1149 victu

328 1169 580 1231 quotidiano
606 1172 661 1217 ab
686 1173 742 1217 eis
760 1172 920 1235 quibus
944 1173 1226 1233 Evangelium
1241 1174 1533 1225 ministrabat,
1553 1174 1699 1238 aliqua

329 1240 409 1284 sihi
435 1244 603 1301 negotia
620 1254 831 1306 quaereret
855 1244 1015 1306 quibus
1040 1244 1172 1289 animi
1193 1248 1282 1303 ejus
1306 1245 1606 1308 implicaretur
1629 1246 1701 1290 in·-

332 1311 487 1356 tentio:
520 1312 676 1371 (Aliud
695 1314 883 1358 estenim
906 1330 1087 1376 corpore
1117 1313 1313 1359 laborare
1347 1317 1490 1360 animo
1531 1314 1696 1365 libero,

330 1382 440 1426 sicut
463 1381 605 1444 opifex
621 1420 631 1439 ,
651 1384 684 1428 si
708 1401 796 1428 non
822 1384 874 1428 sit
891 1382 1194 1429 fraudulentus
1208 1394 1248 1428 et
1264 1401 1434 1439 avarus,
1461 1394 1502 1429 et
1517 1385 1700 1447 privatae

332 1451 387 1494 rvi
414 1451 596 1496 aridus:
628 1452 745 1498 aliud
769 1464 911 1497 autem
938 1454 1080 1515 ipsum
1109 1453 1303 1498 animum
1332 1471 1549 1517 occupare
1583 1456 1698 1500 curis

330 1520 583 1580 colligendae
618 1524 706 1568 sine
729 1523 922 1586 corporis
947 1522 1095 1568 labore
1115 1524 1313 1587 pecuniae
1329 1560 1340 1579 ,
1368 1523 1480 1569 sicut
1501 1534 1601 1569 sunt
1631 1524 1699 1570 vel

328 1593 626 1650 negotiatores7
671 1593 733 1639 vel
772 1603 1092 1657 procuratores,
1135 1593 1200 1640 vel
1239 1593 1538 1641 conductores,
1581 1593 1698 1640 Cura

329 1661 442 1706 enim
467 1674 678 1725 praesunt,
704 1682 791 1709 non
812 1664 1013 1709 manibus
1053 1674 1291 1727 operantur
1308 1701 1319 1720 9
1343 1664 1527 1729 ideoque
1554 1665 1698 1727 ipsum

332 1731 526 1777 animum
561 1751 685 1779 suum
712 1745 933 1796 occupant
958 1733 1152 1779 habendi
1193 1734 1520 1796 sollicitudine).
1552 1734 1698 1780 Timo-

329 1800 477 1847 theum
497 1821 595 1864 ergo
611 1842 621 1858 ‚
648 1806 760 1850 nein
783 1805 885 1850 talia
908 1805 1145 1859 incideret,
1162 1805 1265 1867 quia
1292 1823 1368 1868 per
1400 1806 1696 1850 infirmitatem

327 1873 519 1935 corporis
552 1875 753 1920 manibus
779 1877 949 1939 operari
968 1892 1055 1920 non
1081 1886 1277 1939 poterat,
1319 1877 1379 1920 sic
1417 1874 1690 1931 exhortatur,

326 1954 472 1988 monet
495 1955 536 1989 et
559 1945 806 1991 consolatur
828 1963 839 1990 :
858 1966 876 1986 «
898 1945 1071 1990 Labora
1092 1983 1102 2002 ,
1124 1946 1290 2008 inquit,
1321 1945 1431 1991 sicut
1448 1945 1589 1990 bonus
1608 1947 1695 1992 mi-

328 2031 348 2052 »
371 2011 428 2057 les
449 2013 612 2060 Christi
636 2015 660 2058 J
666 2032 751 2062 esu.
775 2015 910 2060 Nemo
935 2015 1122 2060 militans
1139 2016 1227 2060 Deo
1246 2015 1444 2079 implicat
1466 2033 1507 2062 se
1518 2016 1695 2076 negotiis

326 2101 347 2122 »
371 2084 671 2141 saecularibus„
696 2096 744 2131 ut
772 2085 943 2149 placeat
977 2087 1048 2132 cui
1077 2103 1119 2131 se
1154 2086 1374 2149 probarit.
1414 2087 1526 2132 Nam
1551 2086 1695 2150 quiin

328 2172 348 2193 ³>
373 2169 506 2212 agone
529 2156 773 2211 contendit,
811 2174 898 2202 non
927 2167 1161 2202 coronatur
1185 2156 1265 2201 nisi
1291 2156 1476 2217 legitime
1499 2167 1694 2203 certave-

328 2244 348 2265 »
372 2224 428 2270 rit
445 2223 478 2271 [⁸.
502 2246 521 2266 υ
546 2226 630 2271 Hic
653 2244 704 2271 ne
721 2227 790 2272 ille
803 2238 1040 2290 pateretur,
1065 2227 1278 2287 angustias
1298 2227 1471 2274 dicens:
1495 2249 1514 2268 «
1533 2227 1694 2273 Fodere

325 2315 345 2335 ›>
371 2312 458 2340 non
477 2313 672 2358 possum,
690 2298 934 2343 mendicare
958 2297 1203 2343 confundor
1223 2297 1268 2342 5:
1299 2298 1518 2358 adjunxit:
1544 2297 1693 2343 Labo-

324 2386 344 2406 »
369 2377 536 2411 rantem
562 2367 793 2426 agricolam
821 2369 1012 2431 primum
1037 2379 1207 2432 oportet
1227 2368 1280 2413 de
1302 2366 1520 2414 fructibus
1543 2367 1691 2430 perci--

324 2456 344 2477 ›>
371 2454 471 2500 pere
487 2438 524 2493 6,
553 2458 572 2478 »
608 2438 846 2484 secundum
867 2439 976 2485 illud
996 2439 1116 2502 quod
1153 2439 1207 2484 ad
1233 2439 1484 2484 Corinthios
1501 2438 1685 2484 dixerat:

325 2528 344 2548 c<
372 2508 480 2564 Quis
504 2506 660 2554 militat
683 2510 768 2555 suis
796 2510 1020 2574 stipendiis
1043 2513 1266 2575 unquam?
1292 2510 1398 2567 Quis
1421 2509 1594 2572 plantat
1619 2509 1689 2555 vi-

368 2597 378 2619 ¹
403 2609 419 2628 2
438 2598 548 2629 Thess.
575 2609 626 2636 111,
654 2611 705 2636 12,
730 2601 786 2631 13.
803 2619 847 2624 —
866 2599 957 2632 2ΤΗ.
974 2612 1024 2639 111,
1047 2603 1100 2634 13.
1118 2620 1163 2627 -
1177 2598 1191 2624 3
1210 2612 1223 2633 1
1252 2601 1336 2634 Tim.
1355 2614 1385 2641 ν,
1402 2602 1458 2633 23.
1472 2618 1516 2624 --
1531 2597 1546 2623 4
1566 2611 1583 2631 2
1604 2598 1688 2633 Tim.

317 2661 357 2692 11,
382 2652 412 2684 3.
433 2648 498 2674 ——5
513 2653 585 2683 Luc.
605 2662 672 2691 ΧΠ,
688 2654 718 2686 3.
733 2670 779 2678 -
792 2650 806 2674 6
824 2664 836 2685 ε
861 2653 943 2686 Tim.
964 2665 1003 2694 η,
1020 2654 1054 2686 6.
