1758 3246
295 315 388 362 588
717 334 752 365 s.
795 333 1043 366 1111611511111
1076 334 1282 366 11156011

296 396 512 456 attingunt
529 416 540 451 3
561 414 661 445 cum
682 417 749 446 eas
771 400 905 447 homo
923 402 992 447 vix
1007 402 1262 465 experiendo
1283 419 1431 449 cavere
1447 403 1665 461 didicerit,

294 476 334 510 et
358 466 497 512 multa
518 469 689 516 innoxia
708 472 827 535 quod
844 472 1158 534 sintinexperta
1175 472 1390 520 formidet.
1415 473 1539 519 Unde
1563 491 1668 520 con-

289 535 422 595 jicere
442 537 567 584 facile
584 551 645 586 est
667 553 831 604 quanto
858 541 993 605 possit
1013 542 1059 587 in
1077 542 1203 587 aeriis
1226 543 1487 606 corporibus
1521 561 1668 591 sensus

294 607 435 652 acrior
459 625 545 655 esse
571 628 582 655 ι
617 628 696 657 1166
722 612 818 657 ideo
847 623 988 657 tamen
1023 611 1240 657 daemones
1258 649 1269 668 ,
1307 614 1381 677 qui
1410 631 1459 659 co
1491 613 1669 677 praediti

295 687 412 733 sunt,
431 678 554 725 bonis
573 680 827 726 hominibus
841 681 1160 745 praeponendos
1175 682 1367 745 prudens
1381 684 1562 746 quisque
1572 700 1669 729 6611-

295 748 440 795 5116111.
471 750 567 796 Hoc
591 751 708 796 etde
744 768 978 815 corporum
1009 751 1226 796 celeritate
1261 751 1439 798 dixerim
1481 770 1490 797 :
1519 763 1561 798 et
1584 752 1669 799 hac

294 817 408 862 6111111
433 821 705 882 praestantia,
733 840 819 867 non
840 822 979 867 solum
1004 839 1026 866 a
1056 821 1310 867 volucribus
1338 822 1561 879 homines,
1591 840 1668 869 ve-

294 890 523 935 rumetiam
549 909 571 937 3
600 892 747 937 multis
767 891 1127 955 quadrupedibus
1151 892 1211 937 ita
1235 903 1494 956 superantur
1514 930 1524 949 ,
1553 903 1601 939 ut
1623 893 1670 939 in

293 976 443 1005 eorum
457 964 781 1025 comparatione
801 962 1000 1025 plumbei
1021 961 1262 1025 deputandi
1284 965 1395 1017 sint3
1421 980 1500 1008 nec
1524 973 1670 1009 tamen

291 1028 387 1074 ideo
401 1030 484 1075 sibi
503 1031 601 1077 haec
619 1033 903 1077 animantium
922 1048 1075 1091 genera
1092 1032 1334 1077 existimant
1349 1032 1666 1096 praeponenda,

295 1099 456 1161 quibus
475 1101 696 1165 capiendis
712 1139 724 1159 ,
752 1101 1138 1147 mansuefaciendis
1153 1139 1164 1157 ,
1185 1112 1313 1165 atque
1331 1103 1376 1148 in
1400 1119 1489 1148 suae
1510 1102 1669 1149 volun-

295 1169 393 1214 tatis
415 1186 540 1216 usum
565 1172 933 1235 commodumque
954 1171 1196 1232 redigendis
1211 1209 1222 1229 ,
1260 1190 1349 1218 11011
1372 1173 1413 1218 vi
1439 1173 1633 1236 corporis
1654 1210 1665 1229 ,

294 1238 368 1284 sed
393 1240 569 1287 rationis
603 1242 870 1305 imperitant.
905 1241 1031 1286 Illam
1072 1258 1172 1287 vcro
1209 1242 1376 1287 tertiam
1419 1242 1669 1288 daemonum

294 1310 561 1372 potentiam,
593 1311 713 1375 quod
744 1311 952 1356 diuturna
985 1328 1129 1356 rerum
1163 1312 1423 1375 experientia
1454 1312 1669 1376 quemad-

294 1379 473 1426 modum
490 1392 768 1444 praenoscant
787 1391 916 1444 atque
932 1381 1229 1444 praenuntient
1248 1381 1384 1427 multa
1401 1381 1666 1439 didicerunt,

291 1451 352 1496 ita
376 1462 661 1497 contemnunt
695 1451 771 1514 qui
804 1451 903 1496 haec
938 1450 1165 1509 vigilanter
1195 1462 1350 1496 curant
1386 1469 1409 1497 a
1435 1452 1667 1498 verissimae

290 1520 399 1566 111615
421 1522 599 1568 veritate
630 1521 870 1567 discernere
892 1557 902 1576 ,
942 1530 988 1565 ut
1011 1538 1089 1566 nec
1123 1521 1258 1567 malos
1281 1538 1398 1567 senes
1433 1522 1561 1585 plura
1586 1539 1660 1567 ex-

291 1602 436 1655 pertos
451 1629 462 1649 ,
483 1603 524 1639 et
544 1593 602 1638 ob
615 1593 700 1637 hoc
721 1591 844 1655 quasi
861 1591 1094 1647 doctiores,
1114 1591 1211 1637 idco
1225 1592 1357 1656 probi
1379 1591 1665 1639 adolescentes

292 1662 374 1707 sibi
399 1662 649 1709 antecellere
666 1662 905 1707 existiment
924 1681 935 1715 3
952 1678 1031 1706 nec
1051 1661 1241 1707 medicos
1257 1699 1267 1719 ,
1296 1679 1375 1708 nec
1395 1673 1565 1719 nautas,
1586 1680 1665 1709 nec

291 1733 517 1792 agricolas,
545 1750 654 1797 quos
670 1749 818 1796 pravae
835 1731 1067 1777 voluntatis
1087 1742 1128 1777 et
1148 1732 1307 1796 iniquis
1326 1733 1522 1778 moribus
1536 1732 1664 1779 vide-

290 1806 400 1860 rint,
428 1804 524 1850 ideo
548 1805 631 1849 sibi
659 1813 814 1866 putent
836 1820 921 1848 esse
944 1803 1265 1866 praeferendos,
1292 1803 1412 1867 quod
1430 1803 1495 1849 illi
1519 1802 1573 1849 de
1593 1821 1665 1849 va·

291 1874 588 1930 letudinibus,
629 1873 693 1919 illi
726 1873 778 1919 de
810 1873 1164 1950 tempestatibus,
1197 1872 1260 1918 illi
1298 1874 1352 1919 de
1387 1874 1665 1921 arbustorum

292 1944 552 2008 frugumque
581 1944 810 2004 generibus
840 1943 976 1988 multa
999 1944 1057 1988 ita
1076 1943 1399 2006 praenuntiant,
1429 1954 1477 1989 ut
1504 1943 1665 1990 harum

291 2032 433 2060 rerum
457 2015 678 2078 inexperto
701 2014 896 2060 divinare
920 2014 1165 2061 videantur.

357 2085 479 2131 VIII.
523 2084 656 2142 Quod
679 2101 779 2130 1610
800 2101 888 2130 11011
908 2084 1046 2130 50111111
1063 2083 1280 2130 daemones
1303 2083 1504 2148 quaedam
1519 2084 1667 2131 futura

291 2155 541 2220 praedicunt
559 2192 570 2211 ,
595 2156 878 2201 verumetiam
896 2155 1099 2219 quaedam
1122 2156 1231 2201 mira
1251 2154 1419 2201 faciunt
1438 2193 1449 2210 ,
1471 2172 1552 2219 pro
1572 2156 1665 2219 ipsa

294 2227 443 2290 utique
467 2225 532 2271 sui
555 2225 748 2288 corporis
784 2225 1053 2281 excellentia,
1090 2242 1168 2271 cur
1190 2243 1277 2272 non
1308 2235 1612 2271 contemnatur
1642 2244 1665 2272 a

292 2295 610 2360 prudentibus,
640 2312 742 2341 cum
769 2295 1026 2359 plerumque
1050 2295 1190 2359 iniqui
1215 2312 1264 2341 ac
1284 2295 1444 2359 perditi
1467 2295 1666 2341 homines

292 2368 351 2413 ita
376 2375 599 2412 exerceant
615 2382 800 2428 corpora
817 2382 893 2411 sua
908 2402 920 2421 ,
946 2376 1152 2428 tantaque
1176 2364 1353 2410 diversis
1376 2365 1540 2410 artibus
1559 2381 1665 2427 pos—

295 2438 379 2483 sint
399 2475 410 2494 ,
437 2447 486 2483 ut
513 2453 561 2482 ea
585 2436 662 2499 qui
686 2436 783 2481 haec
824 2435 1023 2482 nesciunt
1051 2452 1128 2481 1166
1161 2434 1392 2498 aliquando
1426 2433 1660 2489 viderunt,

287 2507 417 2553 etiam
436 2516 609 2552 narrata
627 2507 696 2553 vix
710 2505 921 2552 credant?
945 2506 1090 2563 Quam
1108 2505 1246 2551 multa
1262 2503 1509 2550 funambuli
1531 2514 1665 2550 63616-

296 2578 420 2641 rique
443 2576 646 2623 theatrici
672 2577 872 2634 artifices,
899 2593 1030 2640 quam
1045 2575 1181 2623 multa
1201 2575 1378 2639 opifices
1399 2574 1664 2638 maximeque

300 2647 547 2694 mechanici
577 2647 773 2694 miranda
803 2646 998 2694 fecerunt
1035 2665 1045 2692 :
1084 2663 1190 2694 num
1221 2645 1317 2693 ideo
1352 2645 1546 2692 meliores
1565 2655 1663 2691 sunt
