1758 3246
361 286 413 314 or.
451 284 599 312 Astomi
641 285 929 323 cunhirtANO,
972 286 1055 313 mr..
1104 286 1128 314 ι.
1360 284 1435 329 ¹9¹

69 350 149 396 Dei
159 350 303 395 virum
317 347 517 410 suscepit.
537 347 681 393 Nolite
696 364 770 393 ros
784 348 898 410 ipsas
913 358 1208 403 contemnere,
1228 347 1446 393 soeminae:

69 417 203 464 Filius
226 419 303 464 Dei
323 427 448 463 natus
470 434 517 461 ex
541 416 721 462 soemina
741 428 816 463 cst.
849 417 992 462 Nolite
1017 427 1157 461 tamen
1187 434 1334 462 amare
1358 433 1450 463 car-

0 515 2 547 ;
66 488 212 542 nalia:
246 489 349 551 quia
369 488 416 532 in
441 487 549 532 Filio
576 488 661 533 Dei
682 505 760 533 nec
795 487 1017 533 masculus
1051 504 1130 532 nec
1171 486 1352 531 foemina
1375 504 1451 532 su-

67 575 176 605 muS.
211 557 353 604 Nolite
377 574 520 602 amare
544 557 820 620 temporalia:
849 558 950 620 quia
975 557 1009 602 si
1036 558 1146 602 bene
1180 566 1442 607 amarentur,

68 638 233 678 amaret
245 645 293 672 ea
311 628 444 673 homo
473 644 602 690 quem
627 629 816 690 suscepit
843 628 975 673 Filius
1000 627 1096 673 Dei.
1128 625 1271 671 Nolite
1303 626 1450 671 timere

67 697 350 746 contumelias
362 708 404 742 et
425 715 575 744 cruces
594 709 636 743 et
651 709 833 744 mortem
850 699 978 761 :quia
992 699 1025 743 si
1038 707 1244 743 nocerent
1261 696 1448 752 homini,

66 785 154 813 non
185 785 232 812 ea
255 777 477 830 pateretur
508 767 643 813 homo
680 785 810 831 quem
835 768 1026 830 suscepit
1052 766 1184 812 Filius
1205 766 1299 812 Dei.
1338 766 1446 812 Haec

68 837 207 883 omnis
234 837 426 883 hortatio
441 875 452 894 ,
475 855 576 900 quae
598 842 689 897 jam
706 837 871 900 ubique
891 838 1178 901 praedicatur,
1197 836 1360 899 ubique
1380 853 1450 882 Ve-

66 919 260 961 neratur‚
303 924 405 971 quae
442 925 615 954 onmem
654 907 929 953 obedientem
968 908 1157 953 animam
1182 917 1304 952 sanat
1319 943 1330 963 ,
1363 923 1452 952 non

69 987 175 1022 esset
198 977 243 1021 in
261 977 391 1022 rebus
408 977 636 1033 humanis,
659 978 693 1022 si
711 994 797 1022 non
811 976 1077 1022 essentfacta
1094 977 1168 1022 illa
1194 977 1338 1021 omnia
1353 993 1452 1039 quae

70 1046 330 1092 stultissimis
352 1046 601 1109 displicent.
632 1048 771 1103 Quem
787 1047 990 1106 dignatur
1015 1047 1175 1093 imitari
1194 1047 1346 1095 vitiosa
1363 1051 1455 1106 jac-

72 1117 234 1172 tantia,
270 1126 318 1162 ut
353 1116 407 1161 ad
433 1117 639 1162 virtutem
671 1117 998 1179 percipiendam
1034 1117 1170 1179 possit
1209 1116 1393 1172 adduci,
1421 1118 1455 1162 si

70 1186 286 1233 erubescit
311 1186 472 1231 imitari
491 1203 591 1232 eum
604 1223 615 1242 ,
653 1185 707 1231 de
727 1203 818 1249 quo
838 1185 1008 1232 dictum
1029 1197 1090 1231 est
1109 1196 1342 1248 antequam
1359 1203 1455 1231 nas-

71 1266 255 1311 ceretur,
286 1255 407 1318 quod
434 1255 567 1301 Filius
593 1255 802 1301 Altissimi
820 1256 1070 1313 vocabitur,
1113 1266 1155 1301 et
1186 1273 1266 1318 per
1306 1272 1453 1301 omnes

65 1330 157 1386 jam
176 1335 353 1385 gentes,
378 1324 498 1388 quod
534 1342 688 1385 negare
722 1342 849 1370 nemo
885 1336 1051 1388 potest,
1090 1325 1223 1370 Filius
1248 1324 1453 1371 Altissimi

72 1406 252 1452 vocatur
270 1395 322 1441 1?
341 1395 387 1440 Si
410 1393 600 1440 multum
622 1394 675 1439 de
694 1395 821 1439 nobis
841 1397 1049 1440 sentimus
1067 1433 1075 1447 ,
1098 1394 1327 1454 dignemur
1350 1395 1452 1440 imi—

78 1466 158 1512 tari
182 1483 281 1511 eum
297 1466 372 1528 qui
400 1465 533 1511 Filius
553 1464 762 1514 Altissimi
787 1476 998 1510 iocatur:
1030 1466 1064 1510 si
1082 1482 1240 1528 parum
1260 1464 1313 1510 de
1329 1466 1455 1510 nobis

71 1537 293 1591 sentimus,
318 1536 553 1581 audeamus
569 1536 731 1581 imitari
764 1536 999 1598 piscatores
1018 1546 1060 1581 et
1079 1534 1358 1598 publicanos,
1379 1537 1452 1598 qui

71 1623 169 1652 euni
201 1605 358 1650 imitati
385 1616 500 1652 sunt.
533 1608 572 1650 Ο
616 1605 878 1650 medicinam
901 1606 1105 1651 omnibus
1131 1604 1451 1662 consulentem,

68 1675 216 1722 omnia
236 1675 446 1721 tumentia
470 1675 860 1738 comprimentem,
882 1675 1027 1720 omnia
1059 1674 1324 1720 tabescentia
1349 1677 1453 1721 refi—

75 1746 288 1802 cientem,
327 1745 471 1790 omnia
491 1744 711 1808 superflua
729 1755 1010 1801 resecantem,
1049 1745 1195 1790 omnia
1221 1747 1456 1792 necessaria

74 1815 408 1871 custodientem,
432 1815 577 1860 omnia
599 1814 772 1879 perdita
807 1826 1086 1878 reparantem
1101 1853 1112 1869 ,
1136 1816 1281 1861 omnia
1304 1816 1458 1880 depra-

74 1898 171 1932 vata
189 1886 489 1946 corrigentem.
511 1885 620 1943 Quis
630 1889 721 1946 jam
738 1903 780 1932 se
802 1886 978 1931 extollat
998 1896 1148 1932 contra
1171 1886 1327 1931 Filium
1344 1889 1455 1933 neit>

79 1956 188 2013 Quis
208 1956 262 2000 de
291 1973 332 2002 se
350 1956 570 2019 desperet,
599 1973 681 2019 pro
699 1973 787 2019 quo
810 1967 899 2002 tam
919 1955 1097 2001 humilis
1123 1973 1208 2001 esse
1231 1956 1370 2002 voluit
1386 1958 1460 2002 Fi-

73 2026 157 2073 lius
181 2027 289 2072 Dei?
308 2026 420 2082 Quis
461 2027 633 2072 beatam
666 2027 801 2074 vitam
834 2044 920 2072 esse
952 2027 1189 2072 arbitretur
1224 2027 1271 2071 in
1294 2027 1345 2072 iis
1359 2046 1460 2091 (μὶ-«Ε

74 2096 391 2152 contemnenda
415 2112 501 2141 esse
525 2096 677 2142 docuit
703 2096 836 2142 Filius
862 2097 969 2142 Dei?
997 2096 1172 2152 Quibus
1193 2096 1459 2143 adversitati-

74 2167 159 2219 bus
183 2165 334 2222 cedat,
359 2166 433 2229 qui
458 2176 658 2212 naturam
679 2167 871 2212 hominis
894 2185 917 2212 a
942 2167 1072 2212 tantis
1088 2168 1461 2230 persecutionibus

77 2235 337 2282 custoditam
357 2235 496 2280 credit
515 2236 562 2281 in
577 2236 688 2283 Filio
705 2237 811 2282 Dei?
827 2237 935 2294 Quis
956 2237 1039 2282 sibi
1053 2254 1138 2283 esse
1160 2238 1355 2284 clausum
1373 2257 1463 2300 regm

80 2324 185 2356 num
213 2306 425 2353 coelorum
449 2316 599 2369 putet,
634 2307 711 2370 qui
738 2307 960 2367 cognoscit
988 2308 1248 2370 publicanos
1267 2320 1307 2354 et
1333 2327 1463 2356 merc-

77 2380 205 2424 trices
218 2378 408 2424 imitatos
421 2377 438 2405 2
456 2394 543 2422 esse
568 2377 721 2423 Filium
744 2378 849 2424 Dei3
863 2382 881 2423 ,Ἴ
896 2378 994 2434 Qua
1012 2380 1288 2442 perversitate
1298 2399 1386 2426 non
1398 2399 1465 2427 ca-

78 2459 185 2506 reat,
201 2449 277 2512 qui
293 2448 407 2494 facta
418 2458 459 2493 et
477 2447 595 2494 dicta
611 2448 822 2506 intuetur,
838 2460 880 2495 et
898 2449 1058 2509 diligit,
1076 2461 1117 2495 et
1138 2461 1325 2497 sectatur
1341 2452 1457 2499 illius

127 2551 134 2570 ¹
160 2550 234 2579 Luc.
264 2559 286 2582 ι,
317 2548 374 2580 32.
398 2563 443 2570 -
474 2544 490 2569 2
515 2549 607 2580 Parv.
627 2553 658 2580 et
675 2547 799 2593 aliquot
816 2548 1025 2593 manuscripti
1041 2548 1183 2581 habent:
1209 2549 1383 2582 imitatores
1401 2563 1466 2583 esse

78 2601 156 2636 filii
174 2601 248 2634 Dei.
268 2617 313 2625 —-
331 2597 345 2621 ‘3
364 2600 482 2635 Matth.
510 2612 579 2643 xxx,
595 2602 651 2637 31.
