1758 3246
330 289 384 318 DE
422 287 519 317 rim?¹
556 287 608 316 ET
645 287 885 325 ornamus,
927 289 1015 318 [1ss.
1059 290 1088 317 1.
1357 275 1417 319 03

16 352 95 397 aad
125 353 396 415 baptismum
427 368 552 396 suum
593 350 755 396 diceret
786 369 797 395 ε
825 373 846 393 «
877 352 1107 396 Generatio
1139 353 1409 414 viperarum,

0 438 19 488 ,ζ
43 442 63 462 »
84 421 181 484 quis
208 419 397 466 ostendit
415 420 540 466 Vobis
565 419 711 478 fugere
736 421 792 465 ab
822 420 885 465 ira
908 423 1116 465 ventura?
1155 421 1298 466 Facite
1319 438 1420 480 crgo

15 528 17 544 ,
42 511 62 531 >2
84 490 275 536 fructum
293 489 474 549 dignum
490 489 790 551 poenitentiae1
812 507 823 533 ε
846 511 866 530 »
891 500 933 535 et
952 499 1129 544 caetera,
1155 506 1254 552 quae
1273 491 1424 553 utique

14 556 17 600 ἶ
41 576 128 604 uon
155 558 208 604 de
232 558 341 615 fide,
374 558 446 604 sed
481 557 534 603 de
569 558 698 603 bonis
730 559 938 621 operibus
964 558 1185 604 admonet.
1223 558 1348 604 Unde
1383 571 1425 604 et

13 631 15 676 3
41 628 253 674 militibus
291 629 540 674 dicentibus
568 646 578 673 ι
611 650 632 670 c<
655 629 776 685 Quid
803 629 1076 675 faciemus2?
1107 650 1128 670 »
1163 645 1251 673 non
1277 627 1384 673 dixit
1410 647 1420 673 :

12 749 14 753 .
43 698 221 744 Interim
241 698 404 744 credite
429 709 471 744 et
489 698 791 760 baptizamini,
817 709 920 762 post
946 697 1127 744 audietis
1148 697 1257 761 quid
1286 695 1425 743 facere

10 796 12 812 ;
43 768 233 814 debeatis
261 787 271 813 :
299 769 372 815 sed
413 780 510 814 ante
551 769 675 824 dixit,
716 779 815 814 ante
837 769 1124 832 praemonuit,
1155 779 1205 814 ut
1241 778 1425 814 venturo

9 843 12 883 ,¹
43 839 230 885 Domino
275 840 321 885 in
367 855 443 886 cor
476 857 626 885 eorum
671 850 881 904 tanquam
912 856 1159 903 praecursor
1196 839 1426 884 mundaret

8 927 10 967 ᾗ
41 909 175 966 viam,
208 927 218 954 ε
243 932 262 951 «
284 911 509 955 Yeminem
523 911 842 966 concusseritis,
860 910 969 956 nulli
991 909 1254 954 calumniam
1267 908 1424 954 feccri-

7 970 10 1018 ἒ
43 1001 63 1021 »
94 980 161 1034 tis,
205 979 388 1024 sufficiat
430 980 557 1025 vobis
581 979 847 1043 stipendium
884 989 1074 1025 vestrum
1093 978 1125 1025 3.
1153 999 1174 1020 >³
1219 978 1426 1024 Similiter

42 1049 294 1096 Publicanis
339 1050 639 1112 quaerentibus
673 1050 783 1112 quid
814 1049 953 1095 facere
991 1048 1199 1094 deberent
1227 1066 1238 1093 ι
1265 1069 1285 1090 «
1304 1048 1426 1094 Nihil

5 1139 9 1179 ᾗ
43 1142 64 1162 »
89 1119 293 1181 amplius,
320 1119 480 1181 inquit,
503 1118 676 1177 exigatis
696 1129 858 1180 praeter
887 1135 1020 1181 quam
1038 1119 1327 1164 constitutum
1362 1130 1425 1164 est

4 1228 5 1234 ,
44 1212 64 1232 »
89 1189 226 1236 vobis.
253 1210 273 1229 ι)
303 1187 383 1234 His
408 1187 598 1233 breviter
627 1189 975 1233 commemoratis
997 1187 1290 1246 Evangelista,
1314 1196 1424 1249 <non

44 1259 157 1305 enim
180 1269 291 1304 totos
306 1257 598 1303 catechismos
616 1258 800 1303 inserere
816 1258 1015 1318 debuit),
1042 1257 1142 1302 satis
1165 1258 1423 1317 significavit

44 1329 257 1392 pertinere
272 1327 327 1373 ad
349 1344 449 1373 eum
470 1345 492 1372 a
511 1344 600 1390 quo
622 1328 913 1391 baptizandus
931 1327 1242 1384 catechizatur,
1268 1327 1425 1373 docere

44 1410 85 1444 et
110 1415 283 1444 monere
311 1396 366 1442 de
402 1397 615 1444 moribus.
647 1397 780 1454 Quod
814 1399 848 1443 si
888 1397 1209 1461 respondissent
1231 1397 1420 1443 Joanni:

44 1470 224 1513 Prorsus
244 1484 333 1512 non
348 1465 554 1512 faciemus
576 1465 744 1513 fructus
764 1467 920 1527 dignos
938 1467 1229 1530 poenitentiae,
1250 1467 1424 1512 calum-

44 1538 203 1584 niaturi
218 1554 383 1592 sumus,
401 1537 654 1582 concussuri
665 1554 886 1593 sumus,ea
904 1554 1003 1601 quae
1018 1536 1146 1581 nobis
1163 1552 1252 1581 non
1262 1536 1423 1582 deben-

46 1619 117 1655 tur
139 1607 326 1653 exacturi
345 1623 493 1652 sumus
508 1643 519 1662 ,
546 1617 589 1651 et
605 1607 891 1652 nihilominus
919 1624 990 1652 eos
1012 1617 1113 1669 post
1131 1606 1246 1651 hanc
1264 1606 1426 1669 profes-

46 1679 207 1725 sionem
231 1677 472 1740 baptizaret
488 1697 500 1730 ;
516 1695 595 1723 nec
616 1678 677 1723 sic
702 1688 846 1722 tamen
861 1677 950 1722 dici
965 1687 1125 1740 posset,
1150 1676 1267 1722 unde
1293 1678 1424 1723 modo

47 1748 229 1815 quaestio
247 1757 327 1802 est,
351 1763 439 1791 non
461 1764 546 1792 esse
571 1747 778 1810 temporis
804 1764 905 1793 cum
927 1747 1111 1810 quisque
1134 1746 1425 1809 baptizandus

47 1811 126 1875 est,
148 1829 196 1864 ut
217 1817 340 1880 prius
359 1816 421 1862 illi
445 1834 584 1862 sermo
614 1818 688 1863 fiat
708 1816 1080 1881 quemadmodum
1105 1817 1239 1863 vitam
1261 1816 1424 1863 bonam

50 1905 168 1948 agere
194 1887 364 1933 debeat.

113 1959 210 2005 XX.
253 1956 373 2012 Quid
405 1956 497 2018 ipse
522 1956 762 2011 Dominus,
799 1967 847 2001 ut
872 1956 954 2002 alia
989 1957 1205 2013 omittam,
1247 1973 1349 2002 cum
1373 1959 1428 2003 ab

49 2047 98 2075 eo
117 2029 234 2075 dives
249 2027 320 2072 ille
339 2037 552 2089 quaereret
569 2026 677 2089 quid
696 2027 803 2072 boni
820 2027 980 2072 faceret
997 2037 1047 2072 ut
1068 2028 1201 2074 vitam
1221 2038 1429 2075 aeternam

49 2109 410 2162 consequeretur,
449 2097 640 2143 recolant
672 2096 781 2161 quid
809 2097 1081 2160 responderit
1107 2116 1116 2142 ε
1148 2119 1169 2138 (ι
1189 2098 1234 2143 Si
1258 2100 1322 2145 vis
1357 2117 1426 2146 ve-

51 2193 72 2214 »
91 2170 182 2216 nire
206 2207 218 2226 ‚
255 2168 415 2230 inquit,
460 2167 515 2213 ad
553 2167 706 2225 vitam,
745 2185 865 2214 serva
906 2168 1110 2214 mandata
1122 2168 1155 2216 Δ.
1181 2190 1203 2210 »
1232 2170 1289 2215 At
1320 2170 1423 2216 ille:

52 2263 72 2284 «
92 2242 234 2298 Quae?
258 2260 278 2280 »
300 2240 429 2284 Tunc
454 2238 668 2283 Dominus
705 2239 1063 2284 commemoravit
1085 2250 1309 2302 praecepta
1340 2242 1426 2285 Le-

53 2312 114 2371 gis
137 2328 148 2355 :
179 2331 200 2351 «
220 2309 320 2354 Non
343 2307 541 2353 occides:
578 2309 678 2354 Non
701 2307 1014 2365 moechaberis,
1035 2330 1055 2350 >2
1078 2320 1120 2354 et
1141 2320 1310 2357 caetera.
1345 2311 1431 2357 Ubi

53 2398 154 2427 cum
174 2379 246 2425 ille
267 2378 556 2442 respondisset
578 2378 677 2424 haec
702 2396 743 2424 se
768 2378 917 2424 fecisse
940 2396 962 2423 a
978 2383 1207 2438 juventute
1227 2397 1319 2436 sua,
1346 2381 1428 2426 ad-

55 2450 166 2497 didit
188 2449 316 2495 etiam
337 2447 613 2511 perfectionis
632 2459 925 2512 praeceptum,
953 2460 1002 2494 ut
1021 2449 1206 2496 venditis
1228 2450 1313 2494 suis
1330 2468 1429 2496 om-

55 2521 182 2567 nibus
198 2530 241 2565 et
265 2520 311 2564 in
333 2535 581 2583 pauperum
610 2520 898 2583 eleemosynas
920 2520 1099 2580 erogatis
1128 2520 1312 2565 haberet
1332 2522 1425 2569 the-

104 2604 114 2628 l
134 2602 252 2638 Manli.
274 2613 323 2641 111,
345 2613 375 2642 7,
397 2620 441 2626 —
461 2600 476 2623 2
491 2605 565 2634 Luc.
585 2613 634 2642 111,
654 2614 766 2636 10.-—
784 2600 799 2625 3
820 2602 903 2636 Ibid.
925 2608 977 2640 14.
991 2620 1037 2627 —
1054 2600 1068 2624 ⁴
1086 2601 1203 2636 Mauh.
1223 2613 1296 2641 xxx,
1313 2616 1363 2647 ¹7·
