1758 3246
1 255 4 321 Ι

0 348 3 501 l

0 537 3 605 p

156 345 326 373 nomast
365 342 627 372 MEanmUu
667 341 721 370 ΑΙ)
757 342 1058 377 CONSEW‘HJM.
1101 347 1184 377 ΗΒ.
1231 347 1259 377 1.
1334 333 1426 393 499

65 409 124 455 eis
142 419 203 455 est
222 404 423 472 primitus
441 407 775 470 expugnandum
788 444 798 462 ‚
825 406 911 453 hoc
930 425 1078 454 eorum
1094 412 1212 457 velut
1228 411 1431 457 idoneum

63 480 382 524 munimentum
403 477 590 523 veritatis
613 478 775 523 ictibus
800 477 1040 524 feriendum
1067 491 1194 543 atque
1225 481 1436 540 dejicien-

66 549 187 595 dum.
214 550 303 594 Nec
320 548 378 592 eis
399 564 533 610 quam
552 564 639 593 non
660 548 911 603 habebant,
933 548 1012 594 alia
1035 549 1203 595 latebra
1223 567 1311 613 quo
1329 568 1440 596 con-

64 619 232 678 fugiant
251 629 313 664 est
325 617 562 681 praebenda
582 636 592 663 ε
621 629 669 664 ut
689 618 721 663 si
743 617 852 664 forte
874 619 930 664 ab
956 619 1025 665 his
1049 620 1315 682 produntur,
1331 638 1440 684 quos

0 690 1 725 ἰ
66 690 210 734 conati
232 689 394 734 fuerint
412 688 612 734 seducere
630 725 642 743 ,
662 705 741 734 nec
763 690 986 752 potuerint
1002 727 1012 746 ,
1039 690 1187 736 dicant
1214 709 1224 736 z
1254 692 1439 736 'I'entare

67 759 162 804 illos
180 759 396 805 voluimus
419 797 430 815 ,
464 759 665 822 quoniam
693 759 928 822 prudentes
953 760 1160 806 catholici
1199 761 1442 806 docuerunt

0 862 1 866 ,
68 829 119 874 ad
139 830 710 876 inveniendoshaereticosid
729 847 813 876 esse
833 830 1094 878 faciendum.
1118 831 1201 877 Sed
1222 831 1441 895 aliquanto

67 900 408 946 commendatius
434 911 605 963 oportet
628 911 675 946 ut
699 900 841 946 dicam
858 938 868 956 ‚
897 919 977 947 cur
1004 902 1083 947 ista
1111 902 1223 947 mihi
1246 902 1444 949 videatur

66 970 281 1033 tripartita
301 971 408 1016 ratio
432 971 686 1034 disputandi
706 971 906 1017 adversus
926 989 996 1017 eos
1012 972 1089 1035 qui
1104 983 1311 1035 patronas
1329 989 1445 1017 men-

67 1039 200 1086 daciis
225 1041 310 1086 suis
329 1042 483 1087 volunt
508 1041 717 1087 adhibere
749 1041 918 1087 divinas
944 1043 1227 1104 Scriptura&
1255 1052 1304 1087 ut
1322 1041 1445 1104 prius

67 1111 342 1157 ostendamus
362 1112 570 1157 nonnulla
608 1129 708 1174 quae
740 1112 804 1158 ibi
836 1122 1048 1174 putantur
1077 1129 1163 1156 esse
1193 1111 1440 1168 mendacia,

65 1198 157 1225 non
183 1198 268 1227 esse
284 1182 402 1245 quod
423 1192 652 1244 putantur,
679 1180 712 1224 si
734 1190 848 1225 recte
874 1180 1174 1240 intelligantur
1194 1201 1206 1235 3
1234 1180 1390 1227 deinde
1411 1181 1445 1226 si

66 1267 153 1313 qua
179 1252 241 1295 ihi
278 1251 502 1295 mendacia
539 1248 763 1294 manifesta
800 1261 926 1305 sunt,
964 1250 1175 1295 imitanda
1212 1267 1301 1296 non
1328 1267 1441 1303 esse3

66 1320 194 1364 tertio
211 1356 222 1370 ,
251 1331 399 1365 contra
426 1337 572 1365 omnes
590 1320 786 1364 omnium
811 1320 1060 1382 opiniones,
1088 1320 1250 1382 quibus
1273 1319 1445 1366 videtur

67 1389 120 1435 ad
136 1390 216 1435 viri
243 1388 349 1435 boni
371 1390 560 1436 officium
585 1390 800 1453 pertinere
826 1389 1063 1453 aliquando
1089 1390 1296 1445 mentiri,
1329 1391 1449 1435 omni

65 1459 198 1505 modo
219 1459 453 1505 tenendum
474 1497 484 1515 ‚
518 1461 564 1505 in
585 1459 786 1505 doctrina
812 1459 1031 1519 religionis
1054 1459 1176 1504 nullo
1200 1459 1331 1505 modo
1356 1477 1444 1505 esse

65 1530 375 1592 mentiendum.
406 1532 514 1576 Haee
546 1530 662 1575 enim
688 1529 765 1575 tria
795 1530 877 1575 tibi
914 1529 1161 1592 exequenda
1184 1529 1317 1593 paulo
1347 1541 1446 1576 ante

66 1599 392 1655 commendavi,
417 1612 458 1645 et
479 1599 671 1664 quodam
696 1599 826 1644 inodo
846 1599 1029 1659 injunxi.

130 1671 290 1718 XXVI.
334 1671 402 1717 Ad
421 1670 682 1716 ostendenda
703 1688 802 1731 ergo
821 1670 1023 1734 quaedam
1046 1685 1145 1733 quae
1165 1681 1377 1733 putantur
1394 1671 1441 1716 in

68 1740 308 1804 Scripturis
332 1759 420 1787 esse
445 1741 686 1797 mendacia,
714 1759 804 1787 non
830 1759 877 1787 ea
907 1758 994 1786 esse
1017 1740 1135 1803 quod
1159 1752 1390 1803 putantur,
1412 1742 1448 1787 si

65 1821 178 1858 recte
204 1812 528 1873 intelligantur;
558 1830 644 1858 non
667 1813 749 1858 tibi
771 1829 927 1876 parum
953 1811 1157 1857 adversus
1179 1812 1282 1857 istos
1306 1811 1446 1857 valere

65 1882 283 1938 videatur,
320 1883 439 1946 quod
473 1901 561 1928 non
598 1883 652 1928 de
677 1883 939 1946 apostoliciS‚
976 1881 1050 1927 sed
1087 1881 1139 1927 de
1171 1882 1446 1945 propheticis

65 1953 239 1998 Litteris
268 1954 497 1999 inveniunt
526 1954 645 1999 velut
672 1953 865 2015 exempla
897 1952 1147 1998 mentiendi.
1181 1952 1259 1997 Illa
1277 1952 1445 2014 quippe

67 2024 210 2069 omnia
253 2041 351 2087 quae
388 2025 643 2070 nominatim
683 2032 1025 2069 commemorant
1058 2021 1135 2066 ubi
1171 2021 1225 2066 sit
1262 2021 1445 2084 quisque

66 2095 286 2151 mentitus,
301 2095 345 2140 in
358 2095 415 2140 eis
429 2094 799 2154 Librisleguntur‚
816 2093 862 2138 in
876 2093 1037 2156 quibus
1048 2108 1137 2137 non
1152 2091 1291 2137 solum
1305 2091 1440 2147 dieta,

66 2167 346 2211 verumetiam
375 2165 489 2211 facta
519 2165 654 2211 multa
677 2166 860 2224 figurata
889 2163 1136 2226 conscripta
1167 2172 1267 2208 sunt
1285 2199 1298 2219 ,
1341 2162 1446 2224 quia

65 2244 107 2278 et
129 2235 310 2294 figurate
333 2247 447 2295 gesta
471 2247 584 2282 sunt.
615 2237 668 2280 l'n
690 2234 840 2295 figuris
864 2245 1009 2279 autern
1033 2232 1155 2296 quod
1180 2231 1297 2279 velut
1318 2248 1444 2276 men-

66 2303 238 2350 dacium
258 2305 436 2361 dicitur,
457 2306 567 2351 bene
589 2305 855 2350 intellectum
876 2320 1026 2349 Verum
1044 2303 1277 2357 invenitur.
1302 2302 1441 2363 Apos-

66 2374 143 2420 toli
175 2392 276 2421 vero
309 2376 355 2421 in
392 2375 598 2439 Epistolis
632 2376 718 2421 suis
750 2374 871 2421 aliter
902 2374 1039 2420 locuti
1078 2383 1197 2428 sunt,
1233 2372 1442 2433 aliterque

67 2446 303 2510 conscripti
321 2447 449 2492 Actus
466 2445 792 2509 Apostolorum,
809 2449 900 2505 jam
917 2443 1120 2491 videlicet
1132 2441 1318 2489 revelato
1340 2442 1441 2486 Tes-

65 2524 255 2561 tamento
280 2517 421 2571 Novo,
457 2515 576 2579 quod
600 2515 684 2561 illis
710 2516 858 2575 figuris
889 2512 1158 2578 propheticis
1190 2511 1431 2558 velabatur.

55 2584 264 2649 >Denique
292 2586 338 2631 in
371 2597 438 2632 tot
468 2586 683 2649 Epistolis-
701 2586 949 2653 apostolicis
984 2595 1112 2647 atque
1144 2583 1191 2629 in
1219 2583 1315 2646 ipso
1351 2592 1438 2627 tam

67 2654 220 2715 grandi
242 2655 355 2702 libro
383 2656 429 2703 in
454 2673 542 2720 quo
574 2667 696 2703 actus
719 2672 869 2702 eorum
898 2655 1105 2702 canonica
1123 2652 1300 2703 veritate
1330 2668 1437 2698 nar-

1227 2725 1303 2772 32.
