1758 3246
302 281 396 336 264
721 296 758 328 s.
799 294 1042 327 Auensrmi
1077 293 1279 329 Eme-‚com

304 361 407 424 quia
438 376 529 404 non
562 358 623 405 ita
650 358 752 406 licet
787 360 1017 407 dissolvere
1049 362 1330 421 conjugium,
1371 359 1483 406 sicut
1513 360 1672 408 licebat

305 447 396 475 non
421 429 623 491 colligare
637 467 648 486 ,
670 431 782 476 fiunt
801 430 904 477 tales
926 430 1070 493 quales
1093 434 1322 494 profitetur
1338 430 1476 476 forma
1493 431 1673 494 nuptia-

302 516 430 553 rum3
455 500 515 546 ita
545 511 593 546 ut
619 500 686 547 vel
704 503 799 565 pari
826 517 1035 547 consensu
1056 502 1288 548 ascendant
1308 501 1528 548 celsiorem
1552 518 1674 547 sanc-

302 569 438 616 titatis
464 571 646 631 gradum
661 608 672 627 ‚
702 583 777 617 aut
799 572 830 617 si
851 589 940 616 non
969 571 1098 616 ambo
1122 582 1222 616 sunt
1241 572 1366 627 tales,
1392 572 1473 618 erit
1488 571 1564 634 qui
1579 571 1675 618 talis

303 651 367 686 est
385 658 473 687 non
497 653 667 687 exactor
680 679 690 698 ‚
712 642 785 687 sed
807 641 1002 687 redditor
1020 640 1184 696 debiti,
1221 658 1392 687 servans
1409 649 1454 687 in
1473 641 1676 688 omnibus

304 722 464 755 castam
485 711 814 775 religiosamque
834 711 1127 757 concordiam.
1160 710 1250 756 Illis
1267 728 1369 757 vero
1386 711 1672 774 temporibus,

305 797 409 826 cum
433 779 580 824 adhuc
604 779 878 842 propheticis
904 781 1179 825 sacramentis
1210 780 1357 826 salutis
1376 791 1536 826 nostrae
1555 797 1677 842 mys-

304 851 463 896 terium
499 849 751 904 velabatur,
791 850 919 894 etiam
950 849 1026 911 qui
1057 859 1153 893 ante
1187 850 1361 913 nuptias
1394 851 1497 896 tales
1529 861 1674 908 erant,

303 920 448 966 officio
482 919 757 983 propagandi
791 920 965 982 nuptias
997 919 1292 981 copulabant⁵
1321 936 1410 965 non
1439 921 1544 966 victi
1571 920 1678 966 libi-

306 990 434 1045 dine‚
462 990 534 1036 sed
567 990 690 1035 ducti
720 990 912 1052 pietate:
943 989 1104 1052 quibus
1130 989 1164 1034 si
1200 990 1320 1053 optio
1348 989 1445 1035 talis
1474 990 1674 1048 daretur,

307 1060 447 1120 qualis
471 1059 659 1106 revelato
679 1061 804 1105 Nox-o
834 1060 1108 1104 Testamento
1138 1058 1238 1104 data
1268 1070 1357 1115 est,
1391 1059 1561 1106 dicente
1585 1062 1680 1106 Do-

308 1127 429 1173 mino
452 1145 463 1172 ε
502 1148 523 1168 «
543 1130 632 1183 Qui
659 1140 802 1191 potest
839 1146 992 1192 capere
1016 1128 1212 1192 capiat'l,
1235 1151 1256 1171 ›>
1291 1147 1379 1175 non
1406 1147 1476 1175 eos
1507 1129 1680 1176 dubitat

305 1196 435 1242 etiam
462 1214 562 1243 cum
584 1198 742 1258 gaudio
766 1209 1041 1262 suscepturos
1074 1199 1228 1256 fuisse,
1260 1201 1337 1263 qui
1364 1199 1589 1260 diligenter
1608 1200 1680 1246 in-

308 1276 451 1311 tentus
473 1267 577 1326 legit
595 1268 818 1329 quomodo
838 1269 1099 1328 conjugibus
1120 1269 1377 1324 utebantur,
1401 1287 1502 1314 cum
1519 1280 1560 1314 et
1576 1269 1681 1332 plu-

307 1351 373 1381 res
392 1336 555 1382 habere
586 1337 660 1382 uni
687 1337 781 1382 viro
802 1336 988 1391 licebat,
1022 1354 1130 1400 quas
1153 1338 1308 1383 castius
1329 1338 1524 1383 habebat
1550 1356 1682 1401 quam

308 1422 427 1451 nunc
449 1422 578 1451 unam
606 1406 794 1468 quilibet
825 1406 1006 1451 istorum
1024 1442 1035 1461 ,
1065 1407 1225 1469 quibus
1251 1407 1448 1453 videmus
1473 1408 1581 1470 quid
1614 1425 1681 1454 sc-

307 1475 503 1521 cundum
536 1476 706 1522 veniam
739 1477 950 1522 concedat
987 1477 1260 1540 Apostolus2.
1304 1478 1536 1523 Habebant
1568 1479 1681 1524 enim

307 1563 375 1591 eas
398 1546 445 1591 in
477 1563 607 1609 opere
648 1547 903 1606 generandi,
947 1564 1036 1592 non
1074 1548 1119 1593 in
1151 1548 1306 1593 morbo
1341 1547 1540 1594 desiderii
1572 1549 1684 1594 sicut

306 1626 450 1675 gentes
473 1632 574 1679 quae
595 1617 797 1676 ignorant
822 1617 1007 1664 Deum-⁹³.
1037 1617 1169 1675 Quod
1188 1629 1275 1663 tam
1298 1635 1503 1678 magnum
1525 1628 1588 1663 est
1602 1655 1613 1673 ,
1635 1628 1683 1664 ut

305 1686 433 1732 multi
453 1687 585 1732 hodie
600 1686 771 1733 facilius
793 1705 835 1733 se
856 1698 947 1733 tota
970 1688 1057 1734 vita
1080 1688 1134 1733 ab
1154 1689 1273 1734 omni
1293 1689 1534 1735 concubitu
1553 1689 1682 1734 absti-

308 1767 464 1813 neant,
505 1774 639 1821 quam
666 1757 849 1803 modum
875 1768 1045 1803 teneant
1076 1775 1165 1803 non
1188 1758 1408 1813 coeundi3
1436 1759 1519 1805 nisi
1548 1758 1683 1822 prolis

309 1844 437 1873 causa
457 1865 467 1881 ‚
496 1828 529 1873 si
553 1828 833 1874 matrimonio
857 1828 1133 1892 copulentur.
1159 1830 1326 1893 Nempe
1355 1829 1515 1875 multos
1539 1829 1683 1875 habe-

304 1915 401 1944 mus
417 1898 569 1944 fratres
590 1910 633 1944 et
652 1899 790 1944 socios
810 1899 997 1945 coelestis
1016 1899 1282 1946 haereditatis
1310 1901 1534 1963 utriusque
1564 1917 1682 1945 sexus

302 1969 570 2015 continentes
588 1969 676 2015 sive
697 1980 895 2033 expertos
911 1970 1107 2034 nuptias,
1127 1971 1214 2016 sive
1239 1970 1293 2015 ab
1314 1970 1434 2016 omni
1457 1969 1532 2015 tali
1555 1986 1676 2015 com«

302 2040 509 2086 mixtione
540 2041 753 2100 integros,
797 2057 952 2103 nempe
988 2040 1325 2086 innumerabiles
1365 2050 1465 2087 sunt
1497 2058 1508 2086 :
1549 2057 1681 2104 quem

304 2110 479 2155 tandem
507 2110 750 2155 audivimus
773 2110 885 2154 inter
911 2110 1141 2155 familiaria
1159 2109 1397 2173 colloquia,
1421 2110 1507 2156 sive
1523 2126 1681 2171 *eorum

302 2180 380 2243 qui
403 2179 625 2240 conjugati
649 2189 773 2236 sunt,
806 2180 894 2226 sive
922 2181 999 2244 qui
1028 2179 1207 2226 fuerunt
1225 2218 1236 2237 ,
1264 2180 1531 2227 indicantem
1554 2180 1681 2226 nobis

301 2266 529 2312 nunquam
567 2266 610 2294 se
652 2249 828 2308 conjugi
865 2266 952 2295 esse
993 2251 1299 2308 commixtum,
1342 2252 1425 2297 nisi
1465 2250 1679 2314 sperando

303 2321 594 2383 conceptum?
619 2318 752 2377 Quod
775 2336 876 2379 ergo
898 2321 1166 2384 praecipiunt
1191 2323 1432 2382 conjugatis
1451 2322 1648 2386 Apostoli
1663 2355 1674 2375 ‚

302 2390 390 2436 hoc
413 2401 492 2447 est,
513 2390 770 2453 nuptiarum
798 2407 809 2434 τ
837 2390 957 2454 quod
984 2402 1128 2438 autem
1154 2391 1378 2439 venialiter
1403 2387 1674 2446 concedunt,

301 2471 376 2506 aut
398 2459 519 2524 quod
552 2458 738 2524 impedit
772 2460 1012 2518 orationes,
1051 2478 1143 2508 non
1174 2471 1337 2523 cogunt
1365 2457 1560 2521 nuptiae,
1602 2458 1677 2512 sed,

301 2525 459 2576 ferunt.

351 2608 361 2632 ί
380 2608 715 2662 M³2¹h2x1x‚2²·r-‚
735 2608 781 2642 21
799 2612 876 2661 ⁴Cor.
903 2615 1010 2658 v1136.
1027 2630 1070 2661 *2³
1090 2609 1105 2635 ³
1119 2622 1138 2661 1
1152 2610 1264 2661 [thess.
1281 2623 1329 2655 xv,
1346 2611 1380 2646 5.
