1758 3246
1738 0 1758 129 {a

1741 241 1743 265 A

323 278 411 338 176
758 292 792 318 s,
837 289 1078 319 AUGUSTINI
1118 288 1317 319 EPISCOPI
1742 283 1745 318 ἰ

317 367 366 400 ut
391 355 571 418 quidam
595 353 827 399 secundam
845 353 963 399 illam
982 355 1230 400 servitutem
1247 353 1329 398 sub
1349 353 1439 412 lege
1457 369 1544 398 non
1565 368 1694 399 nove·
1742 335 1745 417 ἓ

320 425 409 470 rint
425 462 435 481 ‚
462 424 534 470 sed
552 442 653 470 cum
679 424 884 469 mandato
900 425 1115 487 incipiant
1140 423 1407 483 adjutorium
1440 422 1606 468 habere
1631 422 1700 469 di-
1743 432 1745 485 ξ

319 496 486 542 vinum.
508 496 754 558 Antequam
768 495 904 557 possit
921 505 1064 539 autem
1080 495 1216 539 homo
1231 511 1366 556 capax
1385 510 1471 538 esse
1485 492 1701 550 mandati,

328 565 567 612 secundum
593 582 765 611 carnem
809 566 927 610 vivat
966 581 1133 610 necesse
1166 575 1253 609 est:
1282 564 1354 609 scd
1386 564 1419 609 si
1437 567 1529 622 jam
1561 581 1706 610 sacra·

324 647 471 681 mento
491 634 823 694 regenerationis
843 634 1039 678 imbutus
1063 645 1146 689 est,
1173 633 1287 678 nihil
1311 633 1348 678 ei
1372 634 1517 679 oberit
1543 634 1578 679 si
1603 644 1705 680 tunc

327 722 374 750 ex
393 705 479 750 hac
504 705 593 749 Vita
613 703 872 762 migraverit.
901 724 920 744 α
946 703 1061 759 Quia
1078 703 1175 748 ideo
1198 703 1398 748 Christus
1422 713 1617 749 mortuus
1649 714 1709 750 est
1744 706 1748 740 l

331 797 351 817 »
374 786 416 820 et
437 774 679 830 resurrexit,
695 784 742 818 ut
755 785 796 818 et
806 774 1007 819 vivorum
1024 784 1065 818 et
1084 784 1353 818 mortuorum
1371 773 1665 828 dominetur13
1689 796 1709 817 »
1745 778 1747 803 f

330 861 410 889 nec
427 844 587 888 tenebit
603 860 784 902 regnum
808 845 959 889 mortis
975 861 1097 899 eum,
1121 861 1202 908 pro
1227 860 1313 906 quo
1336 854 1533 889 mortuus
1557 855 1622 890 est
1640 843 1711 890 ille

333 913 447 958 liber
460 913 504 957 in
530 913 711 957 mortuis
730 914 765 957 ²³.

397 983 587 1028 XXXII.
620 982 783 1028 Omnia
805 983 936 1042 igitur
956 993 1178 1046 praecepta
1205 983 1354 1029 divina
1380 982 1625 1029 referuntur
1661 983 1713 1029 ad
1746 975 1749 999 ³

334 1053 607 1099 Charitatem
621 1089 632 1109 ,
655 1052 708 1097 de
729 1070 816 1116 qua
833 1053 941 1098 dicit
963 1053 1197 1116 Apostolus
1222 1071 1232 1098 ε
1262 1075 1280 1094 κ
1303 1053 1418 1098 Finis
1439 1065 1580 1099 autem
1603 1071 1715 1117 prae-
1747 1066 1749 1071 “

335 1145 355 1166 n
376 1123 494 1187 cepti
518 1133 580 1168 est
611 1123 814 1168 Charitas
835 1124 888 1168 de
914 1123 1045 1168 corde
1074 1140 1205 1186 pum,
1228 1134 1269 1167 et
1285 1123 1547 1168 conscientia
1568 1124 1685 1170 bona
1701 1161 1712 1181 ‚
1746 1131 1749 1166 ἶ

337 1216 357 1235 »
379 1204 422 1238 et
444 1192 530 1238 fide
547 1210 636 1239 non
652 1194 755 1238 ficta
771 1193 803 1239 3.
818 1215 838 1234 ›>
855 1193 1010 1238 Omnis
1025 1193 1170 1256 itaque
1185 1193 1397 1255 praecepti
1410 1193 1506 1237 finis
1519 1203 1581 1238 est
1601 1193 1716 1239 Cha·
1746 1196 1750 1250 }

337 1264 442 1309 ritas
459 1300 470 1319 ,
492 1262 536 1308 id
577 1273 664 1319 est,
692 1262 747 1308 ad
768 1264 1038 1308 Charitatem
1059 1261 1242 1307 refertur
1269 1280 1396 1307 omne
1421 1274 1709 1326 praeceptum.
1747 1258 1749 1298 Ϊ

337 1333 469 1390 Quod
487 1349 588 1378 vero
601 1334 662 1378 ita
676 1334 725 1377 fit
743 1333 811 1378 vel
832 1334 984 1378 timore
1009 1350 1158 1394 poenae
1173 1370 1183 1389 ‚
1218 1332 1287 1378 rel
1307 1332 1450 1395 aliqua
1481 1333 1719 1379 intentione
1747 1348 1751 1384 ὴ

340 1404 502 1451 carnali
520 1442 531 1461 ‚
559 1415 608 1450 ut
620 1422 707 1449 non
722 1405 928 1449 referatur
947 1404 1002 1449 ad
1022 1403 1140 1448 illam
1167 1404 1456 1461 Charitatem,
1475 1423 1610 1468 quam
1631 1405 1719 1452 dif-
1747 1401 1750 1464 l

338 1474 486 1520 fundit
507 1474 694 1537 Spiritus
716 1485 889 1519 sanctus
909 1475 953 1519 in
968 1473 1175 1519 cordibus
1203 1474 1360 1519 nostris
1378 1474 1393 1502 '¹
1413 1494 1424 1531 3
1454 1475 1653 1521 nondum
1672 1476 1722 1522 fit
1747 1474 1758 1527 i'

338 1542 711 1608 quemadmodum
723 1544 814 1588 ficri
828 1554 1017 1607 oportet,
1035 1543 1234 1606 quamvis
1254 1544 1347 1588 fieri
1364 1544 1578 1592 videatur.
1607 1545 1723 1591 Cha·
1747 1540 1758 1595 l:

337 1615 441 1660 ritas
465 1613 632 1676 quippe
654 1613 733 1658 ista
772 1614 850 1658 Dei
884 1625 947 1659 cst
969 1624 1010 1658 et
1029 1613 1242 1676 proximi:
1265 1623 1306 1657 et
1347 1613 1497 1677 utique
1524 1636 1543 1655 α
1569 1616 1622 1660 In
1655 1615 1723 1661 his
1747 1627 1758 1681 ξ

342 1705 364 1727 >›
383 1683 556 1729 duobus
577 1683 812 1745 praeceptis
827 1694 916 1728 tota
932 1685 1016 1728 Lex
1029 1682 1191 1746 pendet
1208 1693 1249 1727 et
1266 1683 1490 1746 Propheta
1509 1684 1542 1732 5.
1562 1707 1579 1727 >2
1602 1685 1724 1731 Adde
1748 1687 1751 1734 l

344 1752 646 1813 Evangelium‚
678 1753 788 1799 adde
818 1753 1065 1818 Apostolos:
1097 1770 1185 1798 non
1205 1755 1320 1798 enim
1346 1755 1520 1801 aliunde
1544 1773 1625 1803 vox
1646 1757 1725 1802 ista
1748 1739 1751 1833 ἑ

346 1835 433 1870 est:
468 1845 488 1864 «
510 1823 626 1868 Finis
649 1824 859 1887 praecepti
895 1835 956 1869 est
979 1823 1181 1868 Charitas
1202 1823 1245 1877 ⁶3
1277 1835 1342 1880 et,
1366 1825 1481 1871 Deus
1524 1826 1725 1873 Charitas
1748 1837 1751 1874 ἱ

350 1916 371 1936 »
395 1904 457 1939 est
480 1893 513 1939 ⁷.
574 1893 876 1957 Quaecumque
923 1911 1022 1953 ergo
1066 1893 1245 1939 mandat
1290 1895 1405 1941 Deus
1424 1934 1434 1953 9
1482 1914 1530 1942 ex
1565 1896 1726 1960 quibus
1748 1893 1751 1926 ⁴

349 1980 486 2009 unum
502 1972 589 2006 est:
615 1983 635 2003 α
657 1964 755 2008 Non
778 1963 1102 2009 moechaberisss
1121 1981 1131 2008 :
1151 1986 1172 2005 ›>
1184 1975 1225 2009 et
1242 1982 1532 2030 quaecumque
1550 1987 1639 2015 non
1648 1974 1726 2029 ju-
1749 1960 1751 1977 ¹

347 2034 524 2087 bentur‚
552 2031 625 2076 sed
649 2033 833 2094 spiritali
862 2034 1042 2078 consilio
1064 2046 1313 2093 monentur,
1331 2055 1377 2082 ex
1395 2039 1559 2102 quibus
1592 2057 1727 2087 unum
1749 2040 1752 2086 i

347 2115 434 2150 est:
457 2103 662 2147 «Bonum
676 2112 737 2146 est
766 2103 936 2148 homini
953 2103 1178 2152 mulierem
1188 2125 1276 2154 non
1291 2119 1463 2168 tangere
1483 2111 1500 2139 ⁹
1518 2128 1528 2155 :
1552 2133 1573 2153 »
1601 2113 1726 2158 Tunc
1748 2095 1752 2164 l

347 2185 461 2221 recte
477 2174 605 2228 fiunt,
626 2189 726 2218 cum
740 2173 986 2219 referuntur
1000 2174 1054 2219 ad
1067 2175 1335 2237 diligendum
1346 2183 1506 2238 Deum,
1522 2193 1564 2228 et
1586 2183 1726 2246 proxi·
1749 2176 1752 2225 l

351 2260 472 2290 mum
488 2252 669 2306 propter
682 2243 841 2298 Deum,
865 2254 906 2288 et
927 2243 972 2288 in
991 2244 1080 2290 hoc
1098 2249 1258 2294 saeculo
1274 2286 1284 2305 ‚
1299 2250 1396 2295 etin
1414 2249 1585 2306 futuro;
1607 2269 1725 2298 nunc
1749 2248 1752 2286 Ϊ

355 2315 496 2359 Deum
519 2329 598 2375 per
617 2311 748 2357 fidem
763 2349 774 2368 ‚
804 2323 908 2358 tunc
930 2331 1007 2376 per
1021 2317 1208 2378 speciem
1224 2355 1234 2375 ‚
1259 2330 1300 2364 et
1320 2320 1464 2383 ipsum
1481 2325 1726 2385 proximum
1749 2364 1751 2382 ,

354 2400 472 2430 nunc
490 2398 567 2445 per
587 2380 732 2429 fidem.
763 2383 863 2427 Non
886 2384 1000 2429 enim
1024 2385 1181 2432 scimus
1217 2390 1420 2436 mortales
1443 2393 1577 2440 corda
1603 2413 1726 2442 mor-·
1749 2413 1752 2463 g

402 2482 527 2513 ¹Rom.
541 2490 608 2517 xxv,
623 2491 655 2520 9.
669 2497 714 2503 —
727 2478 742 2500 2
757 2480 837 2512 Psal.
852 2492 998 2523 Lxxxm,
1013 2485 1043 2514 6.
1061 2499 1106 2508 ·-
1122 2482 1136 2506 3
1155 2496 1167 2514 1
1187 2486 1271 2517 Tim.
1285 2499 1308 2525 1,
1328 2489 1359 2518 5.
1373 2505 1419 2511 —
1435 2484 1449 2506 ⁴
1469 2493 1564 2530 Rom,
1582 2503 1611 2530 v,
1635 2495 1666 2524 5,
1686 2511 1726 2518 .-
1749 2470 1753 2498 l

352 2531 366 2554 5
383 2532 498 2564 Matth.
513 2542 596 2569 xxn,
611 2537 665 2567 4ο.
680 2548 725 2554 -
740 2529 755 2552 ⁶
773 2544 790 2563 2
812 2533 893 2565 Tim.
910 2546 934 2571 1,
952 2536 984 2568 5.
1001 2554 1044 2561 ——
1068 2536 1081 2558 ⁷
1102 2548 1113 2567 ι
1136 2540 1296 2579 Joan‚1v‚
1319 2542 1371 2574 ιδ,
1395 2560 1436 2565 -.
1457 2539 1472 2564 8
1486 2544 1604 2577 Mflfflh
1625 2557 1657 2583 v,
1675 2557 1727 2586 27·

355 2604 398 2611 ·-
415 2585 430 2608 9
454 2600 464 2619 ι
481 2588 556 2620 Cor.
572 2597 633 2625 vn,
657 2596 686 2621 1,

1749 2640 1752 2668 1
