1758 3246
327 314 420 373 4138
749 325 783 354 s.
829 324 1070 354 Auens'rint
1112 323 1308 353 El‘tscopl

325 394 519 458 palmam
535 391 691 438 veritas
718 389 854 435 habet
876 426 886 444 ,
914 389 1015 451 quia
1035 398 1083 433 ut
1100 387 1383 448 significando
1407 388 1697 452 praenuntiata

326 474 451 519 sunt,
475 463 535 508 ita
557 460 858 524 consequendo
887 459 1150 505 claruerunt.

391 533 528 580 XXV.
570 533 719 594 Neque
730 530 775 575 id
793 531 872 575 isto
895 545 1088 573 sermone
1113 529 1304 591 suscepi.
1326 529 1444 593 quod
1470 529 1525 575 ad
1545 539 1585 574 te
1601 547 1699 575 ma-

326 605 389 666 gis
418 604 632 668 pertinet,
665 601 742 665 qui
775 599 1197 645 priscillianistarum
1232 599 1419 645 latebras
1456 599 1695 663 aperuisti,

325 686 538 742 quantum
564 673 618 719 ad
642 688 789 718 eorum
816 672 965 716 attinet
984 670 1186 730 dogmata
1208 669 1311 715 falsa
1330 681 1459 734 atque
1473 687 1697 734 perversa3

326 765 380 794 ne
396 748 455 793 ita
476 744 726 803 investigata
746 742 973 788 videantur
996 742 1117 804 quasi
1139 740 1334 786 docenda
1354 740 1533 796 fuerint,
1556 751 1597 786 et
1614 759 1702 787 non

326 814 638 876 redarguenda.
665 813 799 872 Magis
818 829 918 872 ergo
942 811 1008 856 fac
1035 821 1084 856 ut
1112 821 1353 874 expugnata
1370 814 1569 871 jaceant,
1602 828 1702 874 quae

324 887 463 934 fecisti
485 897 533 931 ut
552 883 726 948 prodita
749 892 927 946 pateant
956 900 967 927 ε
996 898 1049 927 ne
1081 881 1188 927 dum
1217 880 1420 926 volumus
1450 880 1504 926 ad
1528 881 1702 941 indagi-

325 975 426 1004 nem
445 956 675 1003 hominum
695 953 915 999 fallacium
943 953 1189 1016 pervenire,
1224 952 1337 1015 ipsas
1360 950 1562 997 falsitates
1586 953 1703 998 sina-

325 1046 423 1075 mus
444 1039 649 1089 tanquam
675 1023 987 1087 insuperabiles
1014 1040 1291 1087 permanere3
1322 1039 1420 1068 cum
1446 1023 1590 1085 potius
1625 1023 1705 1068 de·-

325 1100 504 1145 beamus
516 1096 615 1141 etin
631 1095 857 1140 latentium
875 1094 1081 1139 cordibus
1101 1094 1316 1139 destruere
1331 1093 1533 1139 falsitates
1546 1131 1555 1149 ,
1573 1111 1703 1157 quam

325 1168 545 1235 parcendo
579 1165 840 1212 falsitatibus
876 1163 1068 1208 invenire
1105 1163 1290 1210 fallaces.
1330 1165 1467 1209 Porro
1501 1165 1610 1210 inter
1633 1164 1704 1210 illa

328 1240 532 1299 dogmata
553 1253 701 1282 eorum
725 1272 736 1291 ,
771 1251 871 1298 quae
901 1232 1191 1279 subvertenda
1214 1243 1315 1277 sunt
1336 1270 1345 1283 ,
1372 1235 1499 1278 etiam
1526 1235 1611 1279 hoe
1644 1245 1706 1280 est

327 1311 477 1373 utique
511 1307 630 1372 quod
664 1305 958 1365 dogmatizant
979 1341 990 1356 ,
1024 1303 1079 1349 ad
1115 1302 1417 1348 occultandam
1458 1302 1705 1362 religionem
1755 1325 1758 1336 ¹

327 1381 547 1440 religiosos
565 1377 721 1423 debere
741 1375 932 1429 mentiri,
955 1375 1000 1420 in
1020 1385 1185 1419 tantum
1202 1383 1251 1418 ut
1267 1391 1354 1418 non
1378 1373 1517 1418 solum
1536 1372 1589 1418 de
1613 1373 1706 1419 aliis

326 1453 457 1498 rebus
490 1449 543 1494 ad
565 1447 808 1494 doctrinam
830 1445 1046 1505 religionis
1074 1461 1166 1489 non
1189 1444 1509 1508 pertinentibus
1524 1481 1534 1499 ‚
1559 1443 1631 1489 sed
1653 1443 1706 1489 de

328 1524 421 1586 ipsa
441 1535 614 1584 quoque
639 1517 843 1577 religione
866 1515 1164 1561 mentiendum
1202 1515 1278 1571 sit,
1305 1533 1358 1561 ne
1383 1525 1576 1578 patescat
1599 1513 1707 1559 alie-

327 1594 393 1639 nis
413 1613 424 1646 ;
448 1602 496 1636 ut
515 1588 719 1637 videlicet
738 1587 961 1648 negandus
987 1587 1042 1632 sit
1061 1586 1262 1632 Christus
1278 1623 1288 1642 ‚
1321 1603 1408 1650 quo
1437 1585 1570 1648 possit
1595 1585 1708 1630 inter

327 1663 526 1710 inimicos
544 1677 640 1705 suos
663 1658 796 1704 latere
821 1657 1107 1704 Christianus.
1135 1657 1278 1702 Etiam
1299 1656 1385 1702 hoc
1402 1693 1412 1712 ,
1441 1656 1620 1701 obsecro
1647 1666 1703 1711 te,

329 1734 487 1793 dogma
538 1730 722 1794 impium
762 1727 1062 1791 nefariumque
1103 1729 1331 1782 subverte,
1368 1736 1549 1790 propter
1589 1726 1708 1789 quod

330 1802 613 1850 astruendum
641 1810 985 1860 argumentantes
1013 1798 1066 1844 de
1091 1798 1329 1861 Scripturis
1353 1796 1563 1856 colligunt
1588 1797 1709 1842 testi-

328 1874 474 1920 monia
494 1910 504 1929 ,
533 1871 695 1935 quibus
717 1869 948 1915 videantur
963 1886 1051 1914 non
1071 1868 1210 1914 solum
1234 1868 1494 1927 ignoscenda
1514 1866 1583 1912 vel
1605 1867 1710 1912 tole-
1756 1879 1758 1926 ς

328 1944 467 1990 'sanda
484 1981 494 1999 ‚
524 1959 677 1988 verum
701 1951 742 1985 et
762 1940 1021 1984 honoranda
1042 1939 1281 1984 mendacia.
1313 1937 1380 1983 Ad
1400 1948 1439 1982 te
1456 1936 1589 1997 igitur
1608 1954 1710 1999 per-

330 2017 468 2069 tinet,
501 2024 662 2058 sectam
693 2012 994 2058 detestabilem
1018 2028 1120 2056 cum
1142 2011 1298 2056 refellis
1321 2047 1332 2064 ,
1368 2010 1428 2055 sic
1458 2010 1711 2073 accipienda

330 2097 570 2132 monstrare
586 2084 663 2129 ista
683 2083 924 2129 testimonia
947 2082 1292 2145 Scripturarum‚
1314 2092 1362 2126 ut
1376 2081 1442 2126 vel
1462 2081 1615 2126 doceas
1626 2097 1714 2126 non

332 2173 420 2202 esse
442 2171 541 2218 quae
561 2164 776 2217 putantur
799 2170 884 2198 esse
907 2152 1132 2198 mendacia
1151 2189 1161 2207 ‚
1188 2152 1223 2197 si
1238 2169 1288 2198 eo
1311 2151 1443 2197 modo
1465 2150 1714 2210 intelligan-
1757 2153 1758 2157 ’

331 2238 421 2282 tur,
449 2242 538 2288 quo
568 2224 847 2284 intelligenda
871 2234 997 2277 sunt3
1032 2223 1101 2269 vel
1125 2223 1336 2269 imitanda
1358 2240 1449 2268 non
1472 2238 1559 2266 esse
1588 2222 1716 2266 etiam

333 2313 434 2361 quae
458 2294 732 2340 manifestum
749 2304 811 2340 est
823 2311 908 2339 esse
932 2293 1180 2346 mendacia3
1201 2293 1269 2339 vel
1282 2302 1395 2337 certe
1415 2291 1468 2337 ad
1481 2301 1716 2336 extremum
1757 2316 1758 2319 ¹

334 2368 388 2414 de
405 2368 474 2412 his
487 2365 637 2412 saltem
656 2366 785 2410 rebus
802 2381 902 2427 quae
923 2364 975 2409 ad
991 2364 1234 2410 doctrinam
1253 2363 1467 2423 religionis
1480 2361 1713 2425 pertinent,
1757 2364 1758 2419 3

332 2438 456 2485 nullo
475 2436 606 2482 modo
621 2453 707 2482 esse
724 2435 1034 2481 mentiendum.
1061 2435 1134 2480 Sic
1151 2435 1266 2479 enim
1285 2451 1381 2480 vere
1393 2432 1590 2478 funditus
1605 2448 1719 2476 ever·

336 2519 506 2562 tuntur,
533 2506 640 2552 dum
659 2506 863 2552 evertitur
884 2505 961 2550 ubi
983 2505 1241 2549 delitescunt
1266 2521 1276 2549 :
1305 2513 1352 2548 ut
1369 2520 1418 2548 eo
1433 2503 1524 2565 ipso
1543 2501 1720 2546 minime

336 2577 531 2624 sectandi
555 2588 597 2622 et
619 2577 801 2623 maxime
827 2575 1007 2621 cavendi
1020 2574 1294 2634 judicentur,
1320 2590 1408 2636 quo
1437 2588 1478 2617 se
1497 2570 1550 2617 ad
1573 2570 1720 2616 occul-

338 2648 518 2695 tandam
540 2648 740 2694 haeresim
759 2663 881 2694 suam
901 2645 1164 2710 profitentur
1181 2658 1267 2691 esse
1284 2642 1525 2689 mendaces.
1551 2642 1646 2689 Hoc
1675 2640 1720 2686 in
