1758 3246
298 373 353 403 DE
389 371 529 402 opmm
565 370 898 411 nomenonmx,
937 370 1023 402 Lm.
1065 371 1096 402 1.
1299 354 1392 402 555

30 437 260 487 imitandos
279 455 367 483 nou
395 436 583 499 superba
605 437 786 483 elatione
801 473 812 490 ‚
842 435 914 481 sed
938 435 1203 482 misericordi
1229 436 1394 483 sancti-

32 520 117 555 tate
142 518 419 573 proponant,
447 525 534 552 non
559 508 695 554 solum
722 524 809 554 non
825 505 1095 569 reprehendo
1116 543 1126 562 ‚
1155 506 1227 551 sed
1249 523 1394 570 quan-

31 591 125 626 tum
152 579 331 639 dignum
350 588 411 623 est
433 577 610 624 laudare
631 596 718 624 uon
735 594 926 642 possum.
953 575 1072 632 Quid
1090 586 1231 621 tamen
1254 577 1307 621 dc
1329 577 1395 622 his

33 650 244 704 dicimus,
279 647 515 694 secundum
547 649 728 694 istorum
761 647 1023 693 intellectum
1059 662 1106 691 ex
1143 645 1397 705 evangelicis

31 720 206 766 verbis?
231 720 298 765 An
317 718 426 764 forte
450 735 538 781 quo
562 729 662 764 sunt
684 718 913 764 sanctiores
930 754 940 768 ,
963 733 1011 762 eo
1031 725 1132 762 sunt
1147 715 1398 761 volucribus

34 788 350 836 dissimiliores?
376 789 478 852 quia
519 790 599 835 nisi
623 800 833 853 reponant
866 788 948 833 sibi
978 804 1091 832 escas
1115 786 1159 831 in
1185 786 1396 850 plurimos

35 860 148 915 dies,
169 859 389 905 includere
413 876 455 904 se
479 859 539 904 ita
558 895 568 915 ,
597 871 644 905 ut
669 860 855 914 faciunt,
881 875 969 903 non
987 857 1207 903 valebunt.
1233 857 1288 901 Et
1305 856 1396 901 uti-

36 945 119 994 que
141 929 370 975 nobiscum
393 929 577 976 audiunt
599 948 610 976 ε
638 952 658 973 «
680 929 822 976 Nolite
851 945 950 989 ergo
975 927 1162 988 cogitare
1177 927 1222 973 in
1240 926 1395 973 crasti-

34 1022 55 1043 ))
74 999 222 1046 11111111.
251 1022 272 1042 »

97 1073 236 1118 XXX.
278 1072 557 1135 Quapropter
581 1083 629 1118 ut
647 1072 835 1118 breviter
852 1070 1119 1134 complectar
1135 1107 1147 1127 ,
1172 1069 1240 1116 isti
1260 1069 1398 1133 quiex

36 1141 257 1201 Evangelii
295 1159 493 1205 perverso
523 1142 743 1188 intellectu
778 1152 866 1186 tam
906 1140 1129 1188 manifesta
1166 1139 1399 1204 apostolica

34 1222 256 1275 praecepta
275 1223 515 1275 pervertere
534 1212 794 1267 moliuntur,
812 1222 887 1256 aut
905 1229 994 1256 non
1019 1213 1206 1271 cogitent
1225 1211 1269 1256 in
1288 1226 1399 1255 cras-

34 1282 202 1337 tinum,
237 1283 350 1327 sicut
370 1282 561 1327 volatilia
592 1282 719 1336 coeli,
751 1292 825 1326 aut
853 1282 1154 1344 obtemperent
1191 1280 1397 1344 Apostolo

35 1352 146 1397 sicut
163 1352 241 1397 filii
262 1351 408 1397 dilecti
432 1369 442 1396 ε
467 1353 556 1397 imo
582 1362 814 1414 utrumque
837 1350 1019 1407 faciant,
1046 1351 1148 1414 quia
1167 1361 1398 1413 utrumque

36 1421 287 1469 concordat.
330 1423 478 1485 Neque
508 1423 622 1468 enim
650 1422 864 1467 contraria
898 1422 1084 1467 Domino
1108 1439 1184 1467 suo
1210 1431 1401 1466 moneret

36 1492 198 1537 Paulus
214 1509 358 1538 servus
376 1493 541 1538 Christi
565 1493 706 1539 Jcsu2.
739 1493 834 1538 Hoc
856 1493 971 1537 enim
993 1493 1083 1537 istis
1116 1502 1259 1555 aperte
1287 1491 1401 1536 dici-

36 1579 132 1608 mus
157 1581 167 1608 :
196 1563 241 1608 Si
264 1563 455 1609 volatilia
482 1563 583 1609 coeli
622 1563 682 1609 sic
719 1562 956 1622 intelligitis
978 1563 1023 1608 in
1052 1562 1310 1622 Evangelio,
1351 1571 1399 1606 ut

37 1632 181 1678 nolitis
202 1633 421 1696 operando
441 1633 642 1679 manibus
661 1633 808 1679 vestris
827 1633 991 1678 victum
1020 1643 1402 1695 tegumentumque

38 1719 296 1766 procurare3
314 1703 427 1748 nihil
444 1703 572 1748 etiam
589 1703 805 1765 reponatis
822 1702 866 1747 in
882 1703 1117 1748 crastinum
1131 1739 1141 1759 ‚
1161 1702 1273 1748 sicut
1291 1701 1403 1747 nihil

39 1784 256 1836 reponunt
285 1774 477 1819 volatilia
514 1773 630 1819 coeli.
673 1773 717 1817 Si
755 1782 896 1818 autem
926 1773 1090 1836 aliquid
1125 1789 1330 1836 reponere
1359 1771 1403 1816 in

38 1845 273 1890 crastinum
289 1881 300 1902 ‚
323 1855 463 1908 potest
486 1862 571 1890 non
589 1861 675 1889 esse
697 1855 848 1889 contra
881 1844 1163 1904 Evangelium
1194 1844 1272 1889 uhi
1305 1843 1402 1888 dic-

38 1925 131 1961 tum
150 1926 212 1960 est
230 1933 240 1959 2
263 1937 284 1956 «
305 1915 524 1977 Respicite
541 1914 731 1959 volatilia
749 1913 849 1959 coeli
864 1951 874 1969 ,
895 1915 997 1977 quia
1015 1931 1153 1977 neque
1173 1914 1400 1968 seminant,

40 2006 61 2027 »
78 2002 216 2049 neque
230 1997 398 2031 metunt
411 2022 422 2041 ‚
442 2002 582 2048 neque
602 1995 862 2044 congregant
879 1984 926 2029 in
950 1984 1207 2048 apothecas3
1233 2002 1244 2029 t
1265 1994 1408 2047 potest

40 2056 164 2101 etiam
193 2073 281 2101 non
305 2073 390 2101 esse
409 2067 559 2102 contra
579 2054 858 2115 Evangelium
879 2071 958 2100 nec
980 2066 1129 2100 contra
1153 2054 1405 2100 similitudi-

40 2144 139 2172 nem
161 2127 404 2173 volatilium
421 2126 522 2172 coeli
539 2164 548 2182 ‚
576 2126 710 2172 vitam
732 2126 857 2171 istam
878 2126 1019 2171 carnis
1044 2126 1284 2189 corporalis
1305 2143 1405 2188 ope-

41 2197 216 2244 rationis
235 2197 384 2244 labore
410 2199 649 2257 transigere.

104 2270 267 2316 XXXI.
311 2269 356 2314 Si
375 2269 490 2314 enim
508 2278 739 2327 urgeantur
752 2285 798 2313 ex
820 2267 1067 2327 Evangelio,
1087 2278 1134 2313 ut
1152 2268 1263 2313 nihil
1283 2285 1406 2331 repo-

42 2350 146 2385 nant
163 2339 208 2385 in
226 2338 487 2384 crastinuml*
506 2358 517 2391 3
538 2339 767 2384 rectissime
784 2338 1071 2401 respondent:
1091 2339 1182 2383 Cur
1198 2354 1295 2396 ergo
1318 2338 1409 2400 ipse

44 2411 255 2456 Dominus
279 2409 445 2455 loculos
467 2409 642 2463 habuit,
668 2409 744 2454 ubi
771 2409 1000 2472 pecuniam
1029 2407 1251 2452 collectam
1277 2425 1410 2470 repo-

43 2485 186 2527 neret)
217 2486 306 2527 Cur
332 2491 453 2525 tanto
483 2490 582 2524 aute
605 2479 716 2524 fame
745 2479 994 2524 imminente
1018 2477 1233 2523 frumenta
1257 2479 1412 2524 sanctis

0 2594 1 2618 ἢ
44 2552 242 2616 patribus
265 2552 390 2596 missa
413 2551 539 2596 sunt³³
555 2554 572 2596 ζ)
599 2553 689 2595 Cur
713 2550 911 2613 Apostoli
933 2550 992 2594 sic
1011 2549 1259 2608 indigentiae
1283 2565 1412 2594 sanc-

94 2641 292 2677 ¹Manh.v1‚
313 2643 365 2678 34.
383 2639 456 2664 ——2
473 2644 565 2672 Rom.
585 2652 607 2678 1,
625 2652 657 2675 1.
676 2657 720 2666 -
738 2637 752 2663 3
771 2640 891 2673 Matth.
912 2651 953 2676 u,
971 2640 1024 2671 26.
1045 2657 1087 2663 —-
1110 2636 1124 2661 4
1150 2638 1269 2672 Matih.
1294 2649 1335 2677 vx,
1358 2641 1413 2677 34,

0 2702 1 2709 ¹
47 2701 75 2728 el
89 2698 184 2728 Joan.
205 2707 264 2733 λιι,
278 2696 306 2726 6.
325 2713 368 2718 -
386 2692 399 2716 5
417 2697 491 2727 Act.
515 2705 559 2732 xx,
577 2705 633 2734 29.
