1758 3246
326 311 419 366 514
744 322 778 350 ε.
821 321 1060 351 AUGUSTINI
1099 322 1297 357 Ei‘lscorl

320 390 613 446 mendacium,
631 389 749 453 quod
770 390 854 452 ipsi
874 390 1134 454 apertissime
1149 391 1481 437 estcoutrarium
1497 392 1688 440 veritati?

322 462 441 520 Quid
465 478 542 506 nos
564 471 732 505 tantum
758 462 1000 523 promeruit
1023 461 1194 507 castitas
1208 498 1220 517 ‚
1248 472 1287 506 et
1311 461 1488 506 offendit
1509 463 1688 509 veritas?

320 550 421 581 cum
442 530 579 577 omnis
607 548 654 576 ex
686 532 860 577 veritate
884 531 938 576 sit
965 531 1161 588 castitas,
1193 542 1234 576 et
1263 532 1315 577 sit
1339 549 1427 576 non
1461 533 1654 595 corporis
1674 569 1686 591 ,

321 604 394 652 sed
418 602 570 650 mentis
593 602 761 648 castitas
782 602 938 648 veritas
953 639 964 658 ‚
994 611 1122 665 atque
1144 601 1189 647 in
1212 613 1350 647 mente
1371 602 1542 648 habitet
1563 603 1690 649 etiam

320 674 515 739 corporis
535 673 718 720 castitas,
749 674 972 718 Postremo
990 710 1001 729 ,
1029 672 1149 736 quod
1180 683 1222 718 et
1257 673 1386 736 paulo
1412 684 1508 718 aute
1531 673 1618 720 dixi
1649 684 1691 720 et

319 747 476 792 iterum
499 743 598 789 dico
618 780 629 799 ,
657 742 853 805 quisquis
892 743 1002 788 mihi
1029 759 1111 805 pro
1148 742 1446 806 persuadendo
1466 754 1508 790 et
1542 743 1689 789 defen-

320 817 462 864 dendo
485 815 570 860 ullo
590 813 817 859 mendacio
841 812 1102 859 contradicit
1123 849 1134 870 ,
1173 813 1280 877 quid
1318 812 1426 859 dicit
1441 851 1452 870 ,
1491 815 1526 860 si
1542 831 1691 860 verum

319 904 410 936 non
428 885 570 932 dicit?
599 883 645 933 Si
669 893 810 928 autem
848 893 1074 946 propterea
1107 893 1169 929 est
1212 883 1449 929 audiendus
1485 884 1691 947 quoniam

318 976 469 1010 verum
492 956 601 1003 dicit
620 992 632 1012 ‚
657 953 879 1018 quomodo
922 971 990 1000 me
1024 954 1120 1001 vult
1147 953 1288 1000 facere
1322 971 1472 1000 verum
1507 953 1691 1001 dicendo

315 1029 598 1079 mendacem?
618 1023 852 1082 Quomodo
874 1023 1148 1070 mendacium
1162 1034 1391 1086 patronam
1411 1023 1494 1070 sibi
1513 1023 1692 1071 adhibet

317 1101 571 1150 veritatem?
598 1099 665 1143 An
688 1095 930 1141 adversario
956 1113 1031 1141 suo
1055 1095 1193 1142 vincit
1211 1132 1221 1151 ,
1253 1105 1301 1140 ut
1322 1113 1345 1141 a
1369 1113 1409 1141 se
1427 1095 1521 1158 ipsa
1540 1095 1692 1142 vinca-

318 1176 420 1219 tur?
439 1170 548 1227 Quis
574 1168 690 1213 hanc
722 1165 1036 1211 absurditatem
1067 1166 1205 1211 ferat?
1246 1164 1378 1210 Nullo
1421 1182 1520 1225 ergo
1560 1164 1691 1211 modo

318 1243 547 1290 dixerimus
584 1254 654 1284 eos
681 1236 757 1300 qui
783 1247 975 1282 asserunt
1001 1235 1235 1300 aliquando
1259 1252 1344 1281 esse
1366 1236 1659 1282 mentiendum
1677 1273 1689 1292 ‚

316 1314 363 1362 id
387 1309 610 1359 asserendo
629 1324 714 1353 esse
739 1323 908 1351 veraces
923 1343 934 1362 ‚
957 1323 1009 1351 ne
1023 1343 1034 1362 ‚
1055 1305 1175 1369 quod
1191 1316 1252 1350 est
1273 1304 1630 1351 absurdissimum
1652 1315 1693 1351 et

317 1381 615 1430 stultissimum
632 1375 827 1432 credere,
855 1376 1012 1423 veritas
1046 1392 1125 1421 nos
1159 1374 1313 1421 doceat
1334 1392 1420 1420 esse
1448 1375 1685 1422 mendaces.

317 1453 456 1512 Quale
478 1461 539 1497 est
560 1448 693 1501 enim„
717 1456 765 1491 ut
787 1462 873 1491 esse
898 1444 1234 1491 adulterandum
1259 1461 1384 1489 nemo
1410 1443 1549 1491 discat
1563 1462 1586 1490 a
1602 1462 1687 1491 cas-

318 1526 453 1577 titane,
482 1522 618 1564 Deum
634 1514 938 1562 offendendum
951 1531 1076 1560 nemo
1092 1514 1230 1560 discat
1247 1535 1269 1562 a
1290 1514 1446 1577 pietate
1458 1551 1470 1572 ,
1489 1515 1692 1579 cuiquam

316 1590 563 1642 nocendum
585 1603 711 1633 nemo
730 1585 866 1631 discat
888 1603 911 1631 a
930 1585 1218 1645 benignitate,
1239 1595 1280 1630 et
1299 1602 1383 1630 esse
1400 1585 1694 1632 mentiendum

316 1667 532 1712 discamus
557 1679 579 1706 a
597 1657 801 1705 veritate?
828 1657 963 1702 Porro
989 1656 1023 1701 si
1040 1656 1127 1702 hoc
1150 1673 1237 1702 non
1260 1655 1388 1701 docet
1405 1657 1582 1714 veritas,
1607 1674 1694 1702 nou

315 1748 377 1784 est
398 1749 547 1782 verum
576 1749 587 1776 ι
613 1729 648 1775 si
668 1745 755 1775 non
773 1738 836 1773 est
857 1745 1006 1775 verum
1027 1764 1038 1785 ‚
1060 1745 1148 1773 non
1167 1738 1228 1773 est
1245 1727 1498 1774 discendum
1523 1745 1533 1773 :
1556 1728 1590 1774 si
1608 1745 1695 1773 non

316 1819 379 1855 est
399 1802 651 1852 discendum
666 1837 677 1857 ,
705 1816 929 1862 nunquam
949 1809 1011 1844 est
1036 1798 1167 1858 igitur
1186 1798 1497 1846 mentiendum.

386 1874 593 1924 XXXIX,
635 1893 653 1912 «
682 1870 768 1916 Sed
789 1869 1078 1934 perfectorum
1104 1880 1193 1925 est,
1229 1869 1289 1915 ait
1320 1868 1498 1932 aliquis,
1538 1869 1698 1916 solidus

318 1972 340 1993 „
364 1944 532 1994 Cibugl,
551 1966 570 1985 »
594 1941 733 1987 Multa
757 1941 872 1986 enim
894 1939 1136 1986 secundum
1165 1939 1333 1986 veniam
1362 1939 1606 1986 relaxantur
1626 1940 1698 1985 in-
1756 1980 1758 1999 ;

321 2016 518 2067 firmitati
539 2052 549 2070 ‚
576 2011 775 2077 quamvis
793 2011 1089 2057 sincerissimae
1113 2028 1386 2074 nequaquam
1403 2010 1604 2074 placeant
1622 2028 1699 2056 ve-
1755 2042 1758 2072 3

322 2090 454 2138 ritati.
486 2086 612 2132 Dicat
637 2083 724 2129 hoc
753 2082 949 2145 quisquis
984 2099 1070 2127 non
1096 2081 1250 2128 metuit
1274 2098 1373 2144 quae
1397 2081 1700 2145 consequentia
1754 2077 1758 2119 ἷ

322 2156 554 2209 metuenda
579 2164 704 2209 sunt,
746 2153 780 2199 si
817 2152 980 2199 fuerint
1007 2151 1152 2215 aliquo
1177 2151 1309 2198 modo
1329 2152 1474 2216 aliqua
1495 2152 1702 2216 permissa

323 2229 562 2279 mendacia.
584 2223 717 2271 Nullo
735 2222 866 2269 modo
882 2234 1024 2269 tamen
1043 2222 1088 2269 in
1106 2233 1276 2270 tantum
1299 2233 1399 2269 sunt
1414 2222 1703 2286 permittenda
1754 2242 1758 2285 ζ

328 2297 615 2349 conscendere
632 2333 644 2352 ,
671 2304 720 2340 ut
733 2293 786 2339 ad
803 2292 993 2356 perjuria
1016 2292 1394 2356 blasphemiasque
1421 2292 1698 2356 perveniant:

326 2390 407 2420 nec
431 2370 621 2432 aliquam
645 2381 819 2411 causam
840 2380 1015 2427 prorsus
1033 2374 1205 2427 oportet
1218 2363 1396 2409 obtendi
1415 2400 1427 2419 ,
1451 2380 1530 2408 cur
1549 2362 1704 2408 debeat
1754 2367 1756 2409 ξ

324 2444 535 2513 pejerari,
558 2440 622 2488 vel
643 2438 758 2503 quod
780 2448 841 2484 est
859 2437 1157 2493 execrabilius,
1179 2454 1257 2483 cur
1280 2438 1394 2482 Deus
1418 2436 1574 2482 debeat
1591 2435 1704 2482 blas-

325 2515 541 2584 phemari.
595 2512 695 2558 Non
727 2509 840 2556 enim
875 2508 978 2571 quia
1010 2525 1090 2571 per
1118 2507 1393 2553 mendacium
1421 2506 1705 2570 blasphema·
1753 2528 1756 2560 ς

327 2601 428 2645 tur,
455 2585 553 2634 ideo
583 2599 676 2633 non,
704 2577 1050 2643 blasphematur.
1092 2578 1253 2634 Potest
1271 2578 1439 2642 quippe
1465 2577 1551 2624 hoc
1577 2575 1705 2625 modo

374 2674 387 2696 Ι
409 2669 507 2703 Hebr.
525 2678 558 2708 V,
579 2673 634 2704 ¹4·
