1758 3246
308 260 401 306 330
725 280 759 325 s.
803 281 1045 331 auGus'uM
1080 281 1283 313 muscopr

305 350 555 392 trementem
577 343 710 390 verba
729 362 804 391 sua
832 346 1095 408 requiescere
1129 347 1341 408 Spiritum
1362 347 1528 394 suuml.
1556 350 1676 405 Quid

303 410 449 472 itaque
473 411 662 460 alienum
678 415 782 472 feci,
807 417 841 462 si
863 417 1028 462 bonum
1062 417 1179 478 quod
1207 416 1408 473 laudavi,
1441 418 1587 464 volens
1608 430 1676 464 tu·

307 479 390 523 tius
417 481 648 539 custodiri,
677 486 826 531 curavi
858 487 985 530 etiam
1018 485 1166 530 locum
1196 503 1444 548 praeparare
1476 487 1674 532 custodi?

307 549 508 594 Fidenter
527 552 639 597 enim
662 553 761 599 dico
777 592 788 609 ‚
811 572 890 600 nec
921 555 1030 599 mihi
1050 572 1102 599 ne
1121 556 1360 601 irascantur
1389 557 1542 610 timeo,
1569 574 1676 619 quos

306 629 353 664 ut
380 636 551 665 mecum
586 623 669 668 sibi
707 625 887 669 timeant
927 623 1135 668 sollicitus
1175 641 1328 669 moneo
1357 643 1366 669 :
1409 625 1578 670 facilius
1610 644 1676 671 se-

305 700 503 751 quuntur
539 693 708 750 Agnum
727 730 738 749 ,
780 695 858 739 etsi
892 711 979 739 non
1006 710 1284 756 quocumque
1306 695 1428 750 ierit,
1451 705 1564 740 certe
1588 713 1675 757 quo

305 773 442 820 usque
466 762 716 822 potuerint,
741 763 960 822 conjugati
982 761 1192 818 humiles,
1225 780 1357 826 quam
1381 765 1677 826 superbientes

301 827 501 886 virgines,
542 829 774 884 Quomodo
810 832 924 876 enim
950 831 1168 893 sequitur,
1208 832 1262 876 ad
1294 849 1422 894 quem
1459 850 1547 876 non
1581 833 1678 880 vult

304 897 537 943 accedere?
563 900 650 944 Aut
667 901 887 962 quomodo
924 901 1091 946 accedit
1110 939 1120 958 ,
1155 901 1209 946 ad
1225 919 1353 964 quem
1381 919 1469 946 non
1485 903 1604 947 venit
1629 913 1677 947 ut

304 965 442 1011 discat
464 985 474 1011 ε
503 988 523 1008 α
546 968 763 1024 Quoniam
798 971 912 1015 mitis
931 987 1025 1016 sum
1052 981 1093 1015 et
1120 970 1298 1016 humilis
1330 970 1514 1016 corde2?
1534 992 1553 1011 ›>
1575 971 1677 1016 Illos

301 1036 486 1098 proinde
509 1049 729 1100 sequentes
745 1076 755 1094 ‚
779 1041 926 1098 Agnus
945 1057 1223 1102 quocumque
1237 1039 1332 1084 ierit
1350 1039 1473 1084 ducit
1487 1076 1498 1094 ,
1518 1040 1562 1084 111
1580 1040 1677 1103 qui-

301 1105 385 1150 bus
405 1106 525 1169 prius
542 1107 633 1170 ipse
652 1108 729 1153 ubi
757 1120 891 1171 caput
916 1110 1097 1154 inclinet
1123 1110 1346 1155 invenerit.
1379 1111 1489 1156 Nam
1510 1120 1552 1154 et
1572 1110 1676 1172 qui-

304 1175 406 1220 dam
433 1178 644 1239 superbus
672 1188 713 1222 et
734 1178 909 1223 dolosus
934 1179 1021 1223 hoc
1044 1179 1081 1223 ei
1102 1179 1266 1223 dixerat
1296 1196 1305 1222 :
1341 1200 1361 1218 κ
1378 1179 1580 1233 Domine,
1607 1196 1677 1224 se-

303 1265 325 1286 »
345 1262 454 1308 quar
482 1257 523 1292 te
550 1264 828 1310 quocumque
861 1248 971 1293 ieris,
1004 1268 1023 1287 »
1059 1248 1142 1291 Cui
1177 1248 1432 1309 respondit:
1470 1269 1490 1288 «
1515 1247 1677 1309 Vulpes

300 1336 323 1358 >›
340 1315 482 1361 foveas
504 1316 686 1371 habent,
708 1328 750 1362 et
773 1317 963 1362 volatilia
985 1316 1085 1361 coeli
1106 1317 1257 1369 nidos;
1285 1317 1413 1361 Filius
1434 1327 1576 1361 autem
1597 1317 1676 1362 ho-

299 1406 322 1428 »
341 1386 467 1430 minis
489 1403 576 1431 non
596 1387 731 1431 habet
759 1387 832 1431 ubi
857 1397 991 1448 caput
1015 1403 1141 1430 suum
1165 1385 1382 1431 inclinet?
1407 1407 1426 1426 >³
1453 1386 1674 1445 Arguebat

298 1456 473 1501 nomine
494 1456 694 1518 vulpium
729 1467 912 1500 astutam
939 1455 1237 1509 dolositatem,
1271 1465 1312 1499 et
1344 1455 1518 1499 nomine
1544 1455 1672 1501 volu—

298 1542 423 1570 crum
448 1535 667 1570 ventosam
690 1525 918 1569 elationem
938 1561 949 1580 ,
976 1525 1021 1569 111
1041 1541 1128 1586 quo
1149 1524 1226 1569 ubi
1244 1525 1527 1587 requiesceret
1553 1525 1673 1587 piam

298 1612 387 1640 non
401 1595 648 1641 inveniebat
666 1595 971 1641 humilitatem.
996 1596 1057 1640 Ac
1072 1612 1148 1656 per
1159 1594 1245 1639 hoc
1264 1611 1477 1656 nusquam
1497 1595 1672 1640 omnino

299 1675 470 1709 secutus
489 1675 551 1708 est
570 1664 833 1720 Dominum,
866 1664 942 1726 qui
969 1681 1010 1709 se
1032 1663 1291 1726 promiserat
1306 1700 1316 1719 ‚
1346 1680 1435 1708 non
1459 1680 1593 1727 usque
1619 1664 1674 1710 ad

300 1732 534 1796 quemdam
550 1732 819 1796 profectum,
846 1733 919 1778 sed
938 1733 1116 1778 0111111110
1140 1749 1418 1795 quocumque
1441 1733 1537 1779 ierit
1557 1750 1674 1779 secu-

297 1813 462 1850 turum.

362 1874 486 1918 LllI.
521 1873 802 1935 Quapropter
828 1873 914 1918 hoc
935 1872 1063 1931 agite,
1082 1872 1268 1930 virgines
1284 1872 1392 1927 Dei,
1421 1871 1509 1917 1100
1532 1872 1641 1932 agite
1660 1890 1671 1917 z

299 1943 528 2006 sequimini
562 1944 734 2002 Agnum
766 1959 1043 2005 quocumque
1075 1942 1183 1988 ierit.
1217 1941 1302 1987 Sed
1337 1942 1460 2005 prius
1489 1941 1545 1987 ad
1577 1959 1675 1987 eum

296 2030 424 2077 quem
447 2012 684 2076 sequamini
701 2049 712 2068 ‚
742 2013 883 2058 venite
898 2050 908 2068 ,
932 2023 974 2057 et
990 2012 1141 2057 discite
1158 2049 1168 2067 ,
1190 2012 1398 2074 quoniam
1417 2011 1532 2056 mitis
1556 2022 1618 2056 est
1634 2022 1676 2057 et

298 2083 478 2128 humilis
497 2082 640 2128 corde.
669 2082 709 2127 H
715 2082 904 2128 umiliter
928 2082 983 2127 ad
1005 2082 1215 2127 humilem
1239 2081 1406 2138 venite,
1429 2082 1464 2127 si
1487 2081 1638 2127 amatis
1660 2099 1671 2127 ε

297 2163 339 2197 01
366 2170 418 2197 110
443 2152 673 2198 discedatis
697 2153 752 2197 ab
775 2152 852 2197 illo
872 2190 883 2208 ‚
912 2169 966 2197 ne
998 2151 1176 2198 cadatis.
1209 2151 1298 2207 Qui
1324 2151 1441 2196 enim
1471 2151 1595 2196 timet
1619 2151 1675 2196 ab

297 2222 373 2268 illo
393 2221 610 2268 discedere
630 2259 640 2277 ‚
667 2233 790 2281 rogat
808 2232 849 2266 et
868 2221 976 2266 dicit
996 2239 1005 2266 :
1037 2241 1058 2262 (ε
1078 2222 1178 2266 Non
1199 2220 1311 2266 mihi
1338 2221 1484 2266 veniat
1505 2238 1581 2283 pes
1599 2237 1677 2266 su-

299 2315 320 2336 »
340 2293 506 2356 perbiae
518 2292 551 2339 4.
577 2314 598 2334 »
623 2293 793 2352 Pergite
811 2293 926 2339 viam
948 2291 1226 2337 sublimitatis
1240 2328 1250 2347 ‚
1271 2291 1382 2355 pede
1397 2291 1669 2338 humilitatis.

297 2365 396 2427 lpse
420 2363 575 2408 exaltat
598 2363 823 2408 humiliter
858 2373 1078 2425 sequentes
1099 2399 1108 2415 ‚
1148 2378 1275 2424 quem
1311 2361 1564 2406 descendere
1588 2377 1677 2406 non

296 2434 439 2496 piguit
470 2433 751 2493 adjacentes.
786 2433 910 2478 Dona
940 2436 1031 2491 ejus
1054 2431 1118 2476 illi
1147 2429 1357 2476 servanda
1388 2429 1672 2485 committite,

340 2523 350 2545 ¹
372 2523 442 2554 Isa'i.
469 2534 562 2560 nxvr,
589 2534 620 2554 2.
642 2537 687 2546 —·
708 2521 724 2544 2
744 2522 861 2555 Mauh.
884 2534 932 2562 xz,
957 2533 1014 2562 29·
1040 2538 1084 2544 ——
1114 2517 1129 2543 3
1160 2520 1208 2554 Id.
1231 2531 1310 2558 vm,
1337 2531 1395 2560 19,
1417 2531 1474 2551 20.
1498 2538 1538 2545 —-
1559 2516 1573 2541 ⁴
1592 2519 1672 2552 Psa'.

301 2586 406 2614 xxxv,
440 2586 490 2606 12.
