1758 3246
270 309 362 357 632
776 323 1132 358 ANNOTATIONES.

267 389 530 454 suspicatur,
550 400 600 437 ut
619 389 738 455 quod
756 391 948 455 primum
967 392 1013 438 in
1025 393 1051 438 J
1055 392 1206 441 oannis
1226 394 1466 443 verioribus
1495 412 1638 445 exem-

266 460 464 525 plaribus
485 461 680 518 extabat,
704 461 947 508 detractum
970 463 1024 509 sit
1043 464 1274 511 hominum
1291 466 1638 531 imprudentium

267 532 522 590 temeritate,
543 550 596 579 ne
627 534 879 580 mulieribus
919 534 1141 591 adulteris,
1170 535 1215 581 in
1246 554 1353 601 quas
1377 549 1498 584 erant
1517 556 1638 585 seve-

266 603 399 649 riores
428 605 654 651 saeculares
678 605 811 666 leges,
849 605 1062 668 peccandi
1076 606 1252 654 licentia
1267 619 1309 654 et
1338 609 1576 673 impunitas
1593 610 1639 655 in

269 673 502 735 Evangelio
518 673 621 721 data
643 685 882 738 putaretur.

608 819 865 853 ANNOTATIO
903 803 1004 870 (13)
1037 822 1139 870 pag.
1180 807 1290 865 404.

334 928 588 989 Gregoriani
617 929 686 976 vix
703 929 850 994 aliqua
870 946 989 977 nunc
1018 942 1248 995 supersunt
1270 932 1512 993 fragmenta
1527 968 1539 989 ,
1566 931 1640 979 in-

271 1010 337 1046 ter
351 1016 450 1063 quae
470 999 546 1046 illa
561 1000 752 1047 cernitur
769 1002 979 1048 Antonini
1007 1003 1258 1049 constitutio
1278 1002 1460 1049 totidem
1478 1003 1638 1061 verbis,

271 1081 314 1116 et
323 1087 370 1116 ex
379 1070 465 1116 hoc
479 1070 576 1135 ipso
591 1072 821 1132 Augustini
837 1072 972 1130 libro,
990 1072 1206 1120 credimus
1220 1073 1325 1120 illuc
1337 1073 1519 1134 adjecta.
1538 1073 1643 1133 Ejus

270 1142 551 1206 parhabetur
565 1144 694 1190 etiam
715 1143 835 1208 apud
847 1144 1084 1209 Ulpianum
1103 1147 1142 1208 ἓ.
1168 1146 1211 1194 3.
1234 1145 1312 1194 lib.
1346 1147 1415 1194 13.
1435 1144 1488 1192 de
1500 1143 1636 1192 adult.

612 1279 869 1313 ANNOTATIO
909 1265 1011 1331 (14)
1047 1283 1146 1330 pag.
1179 1267 1298 1331 ,4o7.

337 1389 513 1435 Frustra
536 1390 779 1453 opponitur
808 1390 1005 1451 Gregorii
1028 1391 1072 1436 II
1098 1390 1358 1454 rescriptum
1380 1389 1435 1436 ad
1461 1387 1645 1435 Bonifa-

274 1460 409 1516 cium,
429 1459 613 1522 epistola
645 1461 714 1508 13.
744 1461 830 1507 sive
853 1461 965 1507 inter
1002 1460 1303 1507 Bonifacianas
1344 1461 1445 1508 126.
1469 1469 1512 1505 et
1535 1458 1646 1506 male

275 1529 380 1575 alias
404 1529 602 1589 Gregorii
618 1530 701 1577 ΙΙΙ.
720 1541 878 1595 quarta
896 1549 906 1577 ε
928 1531 1047 1595 quod
1071 1531 1250 1595 quidem
1271 1531 1504 1578 Gratianus
1522 1531 1570 1576 in
1597 1546 1639 1578 2.

276 1615 319 1662 q.
361 1600 436 1645 32.
473 1615 509 1646 c.
549 1599 680 1663 quod
699 1606 1011 1665 proposuisti,
1042 1603 1183 1663 rejicit
1218 1613 1267 1649 ut
1303 1601 1579 1666 evangelicae
1601 1608 1648 1646 et

274 1671 549 1733 apostolice&
569 1669 791 1718 doctrinae
806 1675 996 1736 penitus
1015 1672 1261 1719 advemum
1279 1691 1290 1718 .·
1315 1672 1525 1719 Baronius
1543 1687 1646 1717 vcro

278 1739 419 1787 adan.
453 1742 558 1804 726.
589 1743 752 1808 accipit
769 1743 814 1790 in
839 1743 1059 1791 meliorem
1076 1754 1245 1809 partem
1260 1781 1271 1802 ,
1293 1761 1382 1810 ³nec
1406 1742 1646 1805 Augustino

275 1822 550 1860 contrarlam.
