1758 3246
299 282 357 326 62
720 295 755 324 S.
799 294 1041 324 AL'GES‘I'INI
1078 294 1281 323 EPISCOI’I

294 359 383 404 dici
409 357 563 402 debuit
586 368 684 403 ante
706 358 974 420 baptismum
991 394 1002 412 ,
1032 358 1143 402 sicut
1164 358 1276 403 nihil
1313 357 1414 402 inde
1437 367 1534 402 ante
1556 374 1674 402 mare
1698 365 1699 369 ’
1724 359 1728 409 “,

293 427 499 472 Rubrum
525 426 718 490 populus
748 426 818 471 ille
846 426 1014 488 primus
1038 427 1221 482 audivit,
1257 427 1464 489 quoniam
1498 427 1561 471 lex
1589 427 1677 472 hoc
1726 442 1729 479 ’ξ

296 496 449 552 habet,
479 512 611 559 quam
635 513 683 541 ex
705 498 891 558 AEgypto
905 499 997 554 jam
1026 495 1235 541 liberatus
1264 496 1444 558 accepit.
1473 495 1676 540 Profecto

295 565 455 610 dicturi
488 575 589 610 sunt
619 565 825 609 homini:
867 563 1103 625 Templum
1140 565 1219 609 Dei
1258 564 1435 610 futurus
1469 581 1538 620 es,
1577 581 1678 609 cum
1728 590 1731 618 ;

295 635 566 698 baptismum
602 634 816 696 acceperis
844 652 856 686 3
893 632 1001 677 dicit
1038 643 1179 678 autem
1215 633 1449 696 Apostolus
1479 650 1490 677 ε
1520 654 1541 674 <‹
1568 635 1679 689 Quae
1728 632 1731 694 ξ

298 726 319 746 ))
343 704 600 767 compositio
626 702 791 766 templo
811 703 890 748 Dei
917 719 1020 748 cum
1038 702 1230 749 idolis1?
1248 724 1269 745 »
1295 704 1440 760 Quare
1464 720 1565 762 ergo
1591 720 1680 747 non
1702 728 1704 731 v
1729 699 1738 730 ⁴¹

301 775 455 822 vident
484 773 679 819 similiter
702 790 788 818 esse
807 772 1074 818 dicendum:
1102 774 1352 819 Membrum
1372 773 1539 818 Christi
1563 771 1682 818 futu-
1731 772 1733 797 ³

305 861 378 889 rus
401 860 462 899 es,
481 859 584 887 cum
604 843 823 905 acceperis
844 842 1113 905 baptismum
1131 862 1143 897 ;
1171 860 1260 887 non
1285 853 1468 905 possunt
1487 842 1683 888 membra
1731 832 1736 909 Ξ

305 913 471 958 Christi
494 929 581 958 esse
602 912 800 957 membra
820 913 1059 957 meretricis
1072 913 1121 957 2?
1147 913 1262 968 Quia
1277 923 1319 957 et
1341 912 1430 957 hoc
1452 911 1684 974 Apostolus

307 983 416 1029 dicit
441 1001 452 1027 ι
473 982 551 1046 qui
571 993 614 1027 et
641 981 726 1027 alio
748 983 847 1028 loco
872 999 883 1026 ε
908 1003 928 1023 α
949 982 1094 1027 Nolite
1109 1019 1120 1038 ‚
1147 982 1292 1045 inquit
1309 1018 1320 1038 ,
1345 998 1510 1035 errare3
1545 998 1685 1045 neque
1733 985 1736 1037 ῗ

307 1075 328 1095 »
347 1053 644 1108 fornicatores,
680 1067 822 1114 neque
855 1049 982 1096 idolis
1015 1052 1260 1107 servientes,
1285 1072 1306 1092 »
1341 1062 1384 1096 et
1405 1061 1561 1096 caetera
1585 1067 1686 1114 quae
1734 1054 1737 1099 i

307 1123 398 1169 illic
427 1131 651 1168 enumerat
666 1158 679 1178 ‚
701 1142 723 1162 ι(
739 1122 943 1180 Regnum
967 1120 1047 1166 Dei
1067 1119 1403 1183 possidebunt-⁹³,
1425 1141 1445 1161 »
1466 1120 1558 1165 Cur
1585 1137 1686 1180 ergo
1735 1122 1738 1173 ᾗ

310 1194 367 1240 ad
386 1194 656 1256 baptismum
675 1191 804 1237 idolis
821 1191 1047 1237 servientes
1071 1207 1160 1235 non
1178 1189 1466 1245 admittimus,
1488 1200 1530 1234 et
1545 1189 1687 1236 forni—

311 1275 475 1311 catores
494 1263 784 1310 admittendos
799 1273 1024 1325 putamus,
1042 1279 1146 1307 cum
1169 1272 1211 1306 et
1233 1261 1304 1306 his
1321 1271 1364 1305 et
1381 1261 1546 1306 caeteris
1565 1260 1688 1306 malis

310 1335 459 1381 dicat:
488 1335 589 1379 «Et
615 1333 715 1378 haec
749 1332 930 1395 quidam
962 1330 1132 1388 fuistis,
1170 1330 1246 1376 sed
1280 1330 1421 1376 abluti
1454 1331 1570 1387 estis,
1615 1331 1688 1376 sed
1737 1337 1740 1347 ⁴

312 1426 334 1447 »
359 1403 615 1449 sanctificati
635 1402 735 1447 estis
752 1438 765 1458 ‚
796 1401 868 1447 sed
886 1402 1114 1461 justificati
1138 1401 1235 1446 estis
1256 1401 1302 1446 in
1319 1400 1493 1446 nomine
1511 1401 1690 1446 Domini

313 1496 335 1517 >2
362 1475 465 1520 Jesu
500 1472 665 1519 Christi
688 1481 731 1516 et
755 1471 801 1516 in
821 1471 991 1534 Spiritu
1015 1471 1095 1516 Dei
1130 1471 1294 1516 nostri-'⁴
1315 1473 1334 1517 P
1354 1492 1375 1513 »
1405 1470 1527 1527 Quid
1558 1471 1691 1530 igitur

312 1561 455 1590 causae
477 1553 557 1599 est,
581 1553 631 1587 ut
647 1558 750 1586 cum
772 1550 960 1604 potestas
984 1551 1131 1603 pateat
1145 1551 1382 1603 utrumque
1400 1541 1687 1603 prohibendi,

313 1615 554 1662 venientem
575 1612 629 1658 ad
646 1611 919 1675 baptismum
938 1611 1193 1674 permittam
1214 1609 1498 1656 fornicarium
1520 1629 1692 1675 perma-

316 1701 415 1731 nere
429 1720 441 1740 ,
462 1694 505 1729 et
519 1700 610 1729 non
630 1682 879 1745 permittam
903 1681 1032 1727 idolis
1051 1681 1335 1727 servientem?
1355 1697 1457 1726 cum
1480 1691 1523 1726 et
1544 1681 1628 1727 illis
1650 1692 1693 1727 et

316 1755 400 1801 illis
412 1754 502 1800 dici
512 1753 685 1799 audiam
700 1770 713 1798 ς
727 1774 748 1795 (ε
759 1752 924 1798 Ethaec
942 1752 1124 1815 quidam
1132 1750 1371 1808 fujstis‚sed
1383 1750 1524 1797 abluti
1536 1753 1648 1800 estis.
1671 1775 1692 1796 »

318 1823 403 1870 Sed
426 1840 475 1869 eo
498 1833 726 1870 moventur
757 1822 846 1877 isti,
879 1822 982 1884 quia
1010 1832 1170 1885 putant
1196 1838 1282 1867 esse
1311 1821 1357 1866 in
1390 1831 1486 1866 tuto
1514 1821 1693 1870 salutem
1744 1843 1758 1886 γς

316 1910 484 1950 eorum,
520 1893 719 1957 quamvis
745 1910 825 1956 per
848 1892 991 1952 ignem
1012 1929 1023 1949 ‚
1063 1893 1142 1955 qui
1167 1892 1213 1937 in
1241 1892 1468 1937 Christum
1491 1892 1693 1939 credide·
1744 1939 1747 1946 ,

317 1965 422 2018 rint,
453 1973 856 2025 sacramentumque
885 1966 977 2021 ejus
1002 1962 1268 2024 acceperint,
1306 1961 1352 2006 id
1378 1972 1457 2018 est,
1484 1962 1695 2026 baptizati
1744 1983 1747 2019 ς

315 2033 500 2089 fuerint,
540 2032 707 2077 etiamsi
739 2048 914 2077 morum
953 2030 1311 2091 corrigendorum
1346 2031 1406 2076 ita
1435 2031 1695 2092 negligentes

317 2104 405 2150 sint
427 2112 476 2148 ut
492 2101 689 2164 nequiter
709 2101 873 2148 vivant.
898 2100 1022 2146 Unde
1047 2117 1146 2146 mox
1164 2100 1326 2146 videbo
1345 2137 1356 2156 ,
1376 2101 1412 2146 si
1431 2102 1547 2148 Deus
1571 2106 1694 2162 juve-

318 2174 392 2231 rit,
413 2171 523 2237 quid
538 2171 779 2218 secundum
799 2171 1046 2234 Scripturas
1067 2171 1341 2217 sentiendum
1363 2172 1430 2218 sit.

383 2243 505 2289 XIX.
546 2242 674 2287 Nunc
701 2241 748 2286 in
781 2241 866 2286 hac
889 2241 1128 2303 quaestione
1157 2240 1306 2286 adhuc
1327 2257 1491 2298 versor,
1530 2242 1578 2288 in
1606 2259 1696 2305 qua

320 2313 380 2358 eis
407 2311 580 2360 videtur
596 2347 611 2369 ‚
637 2311 881 2374 baptizatos
904 2311 1200 2356 admonendos
1224 2328 1310 2356 esse
1337 2311 1390 2355 de
1414 2312 1611 2358 moribus
1640 2313 1694 2359 ad

322 2383 604 2429 christianam
622 2382 759 2429 vitam
777 2381 1098 2444 pertinentibus
1120 2418 1132 2437 ‚
1157 2381 1432 2446 baptizandis
1455 2392 1597 2428 autem
1622 2401 1696 2429 so-

322 2453 408 2499 lam
437 2452 741 2499 insinuandam
762 2452 908 2499 fidem.
951 2452 1083 2508 Quod
1107 2453 1142 2498 si
1165 2453 1226 2498 ita
1248 2462 1354 2497 esset
1375 2489 1387 2508 ‚
1420 2463 1581 2515 praeter
1606 2464 1698 2498 tam

320 2523 461 2570 multa
483 2540 584 2587 quae
604 2523 788 2569 diximus
804 2559 817 2580 ,
850 2539 942 2567 non
978 2521 1167 2568 Joannes
1201 2521 1398 2585 Baptista
1419 2522 1698 2568 venientibus
1749 2523 1752 2559 ἰ

368 2607 381 2631 ¹
398 2617 416 2639 2
435 2609 511 2641 Cor.
525 2619 573 2649 vt,
592 2608 647 2642 16.
665 2624 710 2632 —
725 2604 742 2629 2
762 2617 777 2637 1
800 2607 875 2639 Cor.
892 2616 940 2650 vr,
964 2605 1017 2639 15.
1033 2621 1080 2629 —
1093 2601 1210 2637 31bid.
1224 2615 1260 2646 9.
1277 2620 1322 2627 —
1337 2600 1454 2637 ⁴1bid.
1475 2615 1529 2638 11.
