<?xml version="1.0" encoding="UTF-8"?>
<!DOCTYPE html PUBLIC "-//W3C//DTD XHTML 1.0 Transitional//EN"
    "http://www.w3.org/TR/xhtml1/DTD/xhtml1-transitional.dtd">
<html xmlns="http://www.w3.org/1999/xhtml" xml:lang="en" lang="en">
 <head>
  <title>
</title>
<meta http-equiv="Content-Type" content="text/html;charset=utf-8" />
  <meta name='ocr-system' content='tesseract 3.04.00' />
  <meta name='ocr-capabilities' content='ocr_page ocr_carea ocr_par ocr_line ocrx_word'/>
</head>
<body>
  <div class='ocr_page' id='page_1' title='image "./operaomniaaccura26auguuoft/operaomniaaccura26auguuoft_0376.png"; bbox 0 0 1758 3246; ppageno 0'>
   <div class='ocr_carea' id='block_1_1' title="bbox 268 257 1251 304">
    <p class='ocr_par' dir='ltr' id='par_1_1' title="bbox 268 257 1251 304">
     <span class='ocr_line' id='line_1_1' title="bbox 268 257 1251 304; baseline -0.004 0"><span class='ocrx_word' id='word_1_1' title='bbox 268 257 360 304; x_wconf 73' lang='lat'>360</span> <span class='ocrx_word' id='word_1_2' title='bbox 691 269 724 298; x_wconf 87' lang='lat' dir='ltr'>s.</span> <span class='ocrx_word' id='word_1_3' title='bbox 769 268 1014 299; x_wconf 67' lang='lat' dir='ltr'>Ateusrm‘i</span> <span class='ocrx_word' id='word_1_4' title='bbox 1050 270 1251 300; x_wconf 74' lang='lat' dir='ltr'>EPISCOPI</span> 
     </span>
    </p>
   </div>
   <div class='ocr_carea' id='block_1_2' title="bbox 270 333 1690 2569">
    <p class='ocr_par' dir='ltr' id='par_1_2' title="bbox 270 333 1690 2569">
     <span class='ocr_line' id='line_1_2' title="bbox 270 333 1640 401; baseline 0.001 -19"><span class='ocrx_word' id='word_1_5' title='bbox 270 335 460 382; x_wconf 81' lang='lat' dir='ltr'>corditer</span> <span class='ocrx_word' id='word_1_6' title='bbox 495 333 667 381; x_wconf 86' lang='lat' dir='ltr'>univiro</span> <span class='ocrx_word' id='word_1_7' title='bbox 701 334 830 380; x_wconf 90' lang='lat' dir='ltr'>unius</span> <span class='ocrx_word' id='word_1_8' title='bbox 866 336 1062 395; x_wconf 83' lang='lat' dir='ltr'>conjugis</span> <span class='ocrx_word' id='word_1_9' title='bbox 1080 372 1090 384; x_wconf 81' lang='lat'>.</span> <span class='ocrx_word' id='word_1_10' title='bbox 1117 336 1163 381; x_wconf 84' lang='lat' dir='ltr'>in</span> <span class='ocrx_word' id='word_1_11' title='bbox 1187 340 1311 396; x_wconf 84' lang='lat' dir='ltr'>cujus</span> <span class='ocrx_word' id='word_1_12' title='bbox 1344 354 1526 401; x_wconf 91' lang='lat' dir='ltr'>corpore</span> <span class='ocrx_word' id='word_1_13' title='bbox 1553 354 1640 384; x_wconf 88' lang='lat' dir='ltr'>uno</span> 
     </span>
     <span class='ocr_line' id='line_1_3' title="bbox 272 403 1527 468; baseline 0.002 -17"><span class='ocrx_word' id='word_1_14' title='bbox 272 405 426 468; x_wconf 89' lang='lat' dir='ltr'>spiritu</span> <span class='ocrx_word' id='word_1_15' title='bbox 449 403 615 461; x_wconf 69' lang='lat' dir='ltr'>vivitis,</span> <span class='ocrx_word' id='word_1_16' title='bbox 638 404 806 468; x_wconf 84' lang='lat' dir='ltr'>placete</span> <span class='ocrx_word' id='word_1_17' title='bbox 829 405 1050 462; x_wconf 80' lang='lat' dir='ltr'>moribus,</span> <span class='ocrx_word' id='word_1_18' title='bbox 1073 406 1226 452; x_wconf 86' lang='lat' dir='ltr'>instate</span> <span class='ocrx_word' id='word_1_19' title='bbox 1246 407 1527 454; x_wconf 82' lang='lat' dir='ltr'>orationihus.</span> 
     </span>
     <span class='ocr_line' id='line_1_4' title="bbox 337 475 1646 533; baseline 0.002 -13"><span class='ocrx_word' id='word_1_20' title='bbox 337 475 472 520; x_wconf 72' lang='lat' dir='ltr'>XXV.</span> <span class='ocrx_word' id='word_1_21' title='bbox 515 475 765 521; x_wconf 75' lang='lat' dir='ltr'>Preeteritus</span> <span class='ocrx_word' id='word_1_22' title='bbox 788 475 878 520; x_wconf 87' lang='lat' dir='ltr'>dies</span> <span class='ocrx_word' id='word_1_23' title='bbox 916 492 1004 519; x_wconf 85' lang='lat' dir='ltr'>non</span> <span class='ocrx_word' id='word_1_24' title='bbox 1031 477 1259 522; x_wconf 73' lang='lat' dir='ltr'>revertitur</span> <span class='ocrx_word' id='word_1_25' title='bbox 1283 478 1327 522; x_wconf 89' lang='lat' dir='ltr'>in</span> <span class='ocrx_word' id='word_1_26' title='bbox 1346 477 1543 523; x_wconf 81' lang='lat' dir='ltr'>futurum</span> <span class='ocrx_word' id='word_1_27' title='bbox 1567 514 1578 533; x_wconf 83' lang='lat'><strong>,</strong></span> <span class='ocrx_word' id='word_1_28' title='bbox 1603 488 1646 523; x_wconf 90' lang='lat' dir='ltr'>et</span> 
     </span>
     <span class='ocr_line' id='line_1_5' title="bbox 272 545 1646 609; baseline 0.002 -19"><span class='ocrx_word' id='word_1_29' title='bbox 272 556 370 609; x_wconf 79' lang='lat' dir='ltr'>post</span> <span class='ocrx_word' id='word_1_30' title='bbox 395 545 642 590; x_wconf 87' lang='lat' dir='ltr'>hesternum</span> <span class='ocrx_word' id='word_1_31' title='bbox 680 546 820 608; x_wconf 74' lang='lat' dir='ltr'>pergit</span> <span class='ocrx_word' id='word_1_32' title='bbox 858 545 1096 590; x_wconf 77' lang='lat' dir='ltr'>hodiernus</span> <span class='ocrx_word' id='word_1_33' title='bbox 1118 583 1128 600; x_wconf 69' lang='grc'><em>,</em></span> <span class='ocrx_word' id='word_1_34' title='bbox 1175 557 1216 591; x_wconf 90' lang='lat' dir='ltr'>et</span> <span class='ocrx_word' id='word_1_35' title='bbox 1251 558 1350 609; x_wconf 82' lang='lat' dir='ltr'>post</span> <span class='ocrx_word' id='word_1_36' title='bbox 1383 547 1646 593; x_wconf 86' lang='lat' dir='ltr'>hodiernum</span> 
     </span>
     <span class='ocr_line' id='line_1_6' title="bbox 271 616 1647 680; baseline 0.002 -20"><span class='ocrx_word' id='word_1_37' title='bbox 271 627 546 680; x_wconf 80' lang='lat' dir='ltr'>perrecturus</span> <span class='ocrx_word' id='word_1_38' title='bbox 571 628 632 662; x_wconf 87' lang='lat' dir='ltr'>est</span> <span class='ocrx_word' id='word_1_39' title='bbox 657 616 868 661; x_wconf 84' lang='lat' dir='ltr'>crastinus</span> <span class='ocrx_word' id='word_1_40' title='bbox 890 633 901 660; x_wconf 87' lang='lat'>:</span> <span class='ocrx_word' id='word_1_41' title='bbox 925 626 966 659; x_wconf 89' lang='lat' dir='ltr'>et</span> <span class='ocrx_word' id='word_1_42' title='bbox 986 632 1085 660; x_wconf 83' lang='lat' dir='ltr'>ecce</span> <span class='ocrx_word' id='word_1_43' title='bbox 1104 617 1248 661; x_wconf 82' lang='lat' dir='ltr'>onmia</span> <span class='ocrx_word' id='word_1_44' title='bbox 1267 627 1463 680; x_wconf 87' lang='lat' dir='ltr'>tempora</span> <span class='ocrx_word' id='word_1_45' title='bbox 1480 628 1522 663; x_wconf 89' lang='lat' dir='ltr'>et</span> <span class='ocrx_word' id='word_1_46' title='bbox 1540 628 1647 663; x_wconf 86' lang='lat' dir='ltr'>tem-</span> 
     </span>
     <span class='ocr_line' id='line_1_7' title="bbox 271 685 1650 749; baseline 0 -18"><span class='ocrx_word' id='word_1_47' title='bbox 271 685 436 748; x_wconf 86' lang='lat' dir='ltr'>poralia</span> <span class='ocrx_word' id='word_1_48' title='bbox 462 696 684 731; x_wconf 85' lang='lat' dir='ltr'>transeunt</span> <span class='ocrx_word' id='word_1_49' title='bbox 700 723 710 741; x_wconf 75' lang='lat'><em>‚</em></span> <span class='ocrx_word' id='word_1_50' title='bbox 735 694 784 729; x_wconf 91' lang='lat' dir='ltr'>ut</span> <span class='ocrx_word' id='word_1_51' title='bbox 797 685 941 729; x_wconf 74' lang='lat' dir='ltr'>Veniat</span> <span class='ocrx_word' id='word_1_52' title='bbox 964 702 1165 730; x_wconf 76' lang='lat' dir='ltr'>mansura</span> <span class='ocrx_word' id='word_1_53' title='bbox 1183 687 1411 748; x_wconf 71' lang='lat' dir='ltr'>promissio</span> <span class='ocrx_word' id='word_1_54' title='bbox 1434 705 1444 732; x_wconf 76' lang='grc' dir='ltr'>ε</span> <span class='ocrx_word' id='word_1_55' title='bbox 1467 687 1650 749; x_wconf 83' lang='lat' dir='ltr'>«thui</span> 
     </span>
     <span class='ocr_line' id='line_1_8' title="bbox 275 755 1652 819; baseline 0.003 -22"><span class='ocrx_word' id='word_1_56' title='bbox 275 778 296 798; x_wconf 88' lang='lat'>»</span> <span class='ocrx_word' id='word_1_57' title='bbox 320 756 654 819; x_wconf 67' lang='lat' dir='ltr'>perseveraverit</span> <span class='ocrx_word' id='word_1_58' title='bbox 671 771 806 817; x_wconf 90' lang='lat' dir='ltr'>usque</span> <span class='ocrx_word' id='word_1_59' title='bbox 826 755 872 800; x_wconf 87' lang='lat' dir='ltr'>in</span> <span class='ocrx_word' id='word_1_60' title='bbox 891 755 1040 810; x_wconf 64' lang='lat' dir='ltr'>finem2</span> <span class='ocrx_word' id='word_1_61' title='bbox 1061 755 1135 800; x_wconf 84' lang='lat' dir='ltr'>hic</span> <span class='ocrx_word' id='word_1_62' title='bbox 1152 756 1292 801; x_wconf 74' lang='lat' dir='ltr'>salvus</span> <span class='ocrx_word' id='word_1_63' title='bbox 1307 756 1456 803; x_wconf 68' lang='lat' dir='ltr'>erit&#39;l.»</span> <span class='ocrx_word' id='word_1_64' title='bbox 1466 757 1511 802; x_wconf 86' lang='lat' dir='ltr'>Si</span> <span class='ocrx_word' id='word_1_65' title='bbox 1529 773 1652 802; x_wconf 88' lang='lat' dir='ltr'>mun-</span> 
     </span>
     <span class='ocr_line' id='line_1_9' title="bbox 278 825 1655 888; baseline -0.001 -17"><span class='ocrx_word' id='word_1_66' title='bbox 278 826 358 872; x_wconf 86' lang='lat' dir='ltr'>dus</span> <span class='ocrx_word' id='word_1_67' title='bbox 375 830 465 884; x_wconf 84' lang='lat' dir='ltr'>jam</span> <span class='ocrx_word' id='word_1_68' title='bbox 483 826 598 887; x_wconf 82' lang='lat' dir='ltr'>perit</span> <span class='ocrx_word' id='word_1_69' title='bbox 617 863 627 880; x_wconf 81' lang='grc'>,</span> <span class='ocrx_word' id='word_1_70' title='bbox 656 835 794 888; x_wconf 82' lang='lat' dir='ltr'>nupta</span> <span class='ocrx_word' id='word_1_71' title='bbox 821 825 891 869; x_wconf 90' lang='lat' dir='ltr'>cui</span> <span class='ocrx_word' id='word_1_72' title='bbox 915 825 1059 886; x_wconf 62' lang='lat' dir='ltr'>parit?</span> <span class='ocrx_word' id='word_1_73' title='bbox 1086 827 1174 870; x_wconf 90' lang='lat' dir='ltr'>Aut</span> <span class='ocrx_word' id='word_1_74' title='bbox 1200 826 1330 870; x_wconf 85' lang='lat' dir='ltr'>corde</span> <span class='ocrx_word' id='word_1_75' title='bbox 1353 826 1549 888; x_wconf 80' lang='lat' dir='ltr'>paritura</span> <span class='ocrx_word' id='word_1_76' title='bbox 1571 862 1583 882; x_wconf 90' lang='lat'>‚</span> <span class='ocrx_word' id='word_1_77' title='bbox 1612 835 1655 870; x_wconf 89' lang='lat' dir='ltr'>et</span> 
     </span>
     <span class='ocr_line' id='line_1_10' title="bbox 281 894 1655 958; baseline 0 -17"><span class='ocrx_word' id='word_1_78' title='bbox 281 912 408 941; x_wconf 84' lang='lat' dir='ltr'>carne</span> <span class='ocrx_word' id='word_1_79' title='bbox 434 913 521 940; x_wconf 84' lang='lat' dir='ltr'>non</span> <span class='ocrx_word' id='word_1_80' title='bbox 548 895 747 958; x_wconf 84' lang='lat' dir='ltr'>paritura</span> <span class='ocrx_word' id='word_1_81' title='bbox 767 933 778 951; x_wconf 75' lang='lat'><em>‚</em></span> <span class='ocrx_word' id='word_1_82' title='bbox 805 912 884 940; x_wconf 85' lang='lat' dir='ltr'>cur</span> <span class='ocrx_word' id='word_1_83' title='bbox 913 894 1085 940; x_wconf 66' lang='lat' dir='ltr'>nubit?</span> <span class='ocrx_word' id='word_1_84' title='bbox 1113 896 1159 940; x_wconf 66' lang='lat' dir='ltr'>Si</span> <span class='ocrx_word' id='word_1_85' title='bbox 1179 907 1322 941; x_wconf 88' lang='lat' dir='ltr'>autem</span> <span class='ocrx_word' id='word_1_86' title='bbox 1345 896 1491 942; x_wconf 89' lang='lat' dir='ltr'>adhuc</span> <span class='ocrx_word' id='word_1_87' title='bbox 1521 895 1655 941; x_wconf 89' lang='lat' dir='ltr'>dura-</span> 
     </span>
     <span class='ocr_line' id='line_1_11' title="bbox 282 964 1657 1028; baseline 0 -18"><span class='ocrx_word' id='word_1_88' title='bbox 282 976 403 1010; x_wconf 84' lang='lat' dir='ltr'>turus</span> <span class='ocrx_word' id='word_1_89' title='bbox 423 976 484 1010; x_wconf 87' lang='lat' dir='ltr'>est</span> <span class='ocrx_word' id='word_1_90' title='bbox 500 965 690 1010; x_wconf 87' lang='lat' dir='ltr'>mundus</span> <span class='ocrx_word' id='word_1_91' title='bbox 711 1002 722 1013; x_wconf 80' lang='grc'>,</span> <span class='ocrx_word' id='word_1_92' title='bbox 755 981 834 1010; x_wconf 87' lang='lat' dir='ltr'>cur</span> <span class='ocrx_word' id='word_1_93' title='bbox 859 981 947 1009; x_wconf 90' lang='lat' dir='ltr'>non</span> <span class='ocrx_word' id='word_1_94' title='bbox 965 965 1098 1023; x_wconf 81' lang='lat' dir='ltr'>magis</span> <span class='ocrx_word' id='word_1_95' title='bbox 1125 975 1297 1010; x_wconf 85' lang='lat' dir='ltr'>amatur</span> <span class='ocrx_word' id='word_1_96' title='bbox 1320 982 1397 1028; x_wconf 89' lang='lat' dir='ltr'>per</span> <span class='ocrx_word' id='word_1_97' title='bbox 1411 982 1541 1028; x_wconf 88' lang='lat' dir='ltr'>quem</span> <span class='ocrx_word' id='word_1_98' title='bbox 1561 964 1657 1010; x_wconf 85' lang='lat' dir='ltr'>fac—</span> 
     </span>
     <span class='ocr_line' id='line_1_12' title="bbox 282 1034 1656 1094; baseline 0 -14"><span class='ocrx_word' id='word_1_99' title='bbox 282 1047 350 1081; x_wconf 87' lang='lat' dir='ltr'>tus</span> <span class='ocrx_word' id='word_1_100' title='bbox 375 1046 436 1080; x_wconf 90' lang='lat' dir='ltr'>est</span> <span class='ocrx_word' id='word_1_101' title='bbox 456 1035 674 1081; x_wconf 62' lang='lat' dir='ltr'>mundus?</span> <span class='ocrx_word' id='word_1_102' title='bbox 706 1036 751 1080; x_wconf 80' lang='lat' dir='ltr'>Si</span> <span class='ocrx_word' id='word_1_103' title='bbox 769 1040 861 1094; x_wconf 84' lang='lat' dir='ltr'>jam</span> <span class='ocrx_word' id='word_1_104' title='bbox 901 1034 1114 1079; x_wconf 86' lang='lat' dir='ltr'>deficiunt</span> <span class='ocrx_word' id='word_1_105' title='bbox 1146 1034 1364 1081; x_wconf 74' lang='lat' dir='ltr'>illecebrae</span> <span class='ocrx_word' id='word_1_106' title='bbox 1399 1035 1623 1080; x_wconf 86' lang='lat' dir='ltr'>saeculares</span> <span class='ocrx_word' id='word_1_107' title='bbox 1644 1072 1656 1091; x_wconf 83' lang='lat'>‚</span> 
     </span>
     <span class='ocr_line' id='line_1_13' title="bbox 283 1105 1657 1168; baseline -0.001 -17"><span class='ocrx_word' id='word_1_108' title='bbox 283 1123 373 1151; x_wconf 88' lang='lat' dir='ltr'>non</span> <span class='ocrx_word' id='word_1_109' title='bbox 399 1116 461 1150; x_wconf 92' lang='lat' dir='ltr'>est</span> <span class='ocrx_word' id='word_1_110' title='bbox 496 1106 618 1168; x_wconf 90' lang='lat' dir='ltr'>quod</span> <span class='ocrx_word' id='word_1_111' title='bbox 643 1105 906 1151; x_wconf 84' lang='lat' dir='ltr'>christianus</span> <span class='ocrx_word' id='word_1_112' title='bbox 935 1105 1104 1150; x_wconf 89' lang='lat' dir='ltr'>animus</span> <span class='ocrx_word' id='word_1_113' title='bbox 1129 1105 1369 1168; x_wconf 84' lang='lat' dir='ltr'>cupiditate</span> <span class='ocrx_word' id='word_1_114' title='bbox 1397 1105 1657 1168; x_wconf 85' lang='lat' dir='ltr'>conquirat:</span> 
     </span>
     <span class='ocr_line' id='line_1_14' title="bbox 285 1174 1663 1236; baseline 0 -17"><span class='ocrx_word' id='word_1_115' title='bbox 285 1176 320 1220; x_wconf 88' lang='lat' dir='ltr'>si</span> <span class='ocrx_word' id='word_1_116' title='bbox 346 1186 488 1219; x_wconf 86' lang='lat' dir='ltr'>autem</span> <span class='ocrx_word' id='word_1_117' title='bbox 513 1175 661 1220; x_wconf 87' lang='lat' dir='ltr'>adhue</span> <span class='ocrx_word' id='word_1_118' title='bbox 689 1175 954 1227; x_wconf 81' lang='lat' dir='ltr'>manebunt,</span> <span class='ocrx_word' id='word_1_119' title='bbox 985 1184 1048 1219; x_wconf 89' lang='lat' dir='ltr'>est</span> <span class='ocrx_word' id='word_1_120' title='bbox 1071 1174 1191 1236; x_wconf 89' lang='lat' dir='ltr'>quod</span> <span class='ocrx_word' id='word_1_121' title='bbox 1217 1175 1442 1221; x_wconf 82' lang='lat' dir='ltr'>sanctitate</span> <span class='ocrx_word' id='word_1_122' title='bbox 1465 1185 1663 1220; x_wconf 89' lang='lat' dir='ltr'>contem-</span> 
     </span>
     <span class='ocr_line' id='line_1_15' title="bbox 286 1243 1666 1305; baseline -0.001 -14"><span class='ocrx_word' id='word_1_123' title='bbox 286 1255 376 1291; x_wconf 89' lang='lat' dir='ltr'>nat.</span> <span class='ocrx_word' id='word_1_124' title='bbox 417 1245 588 1290; x_wconf 90' lang='lat' dir='ltr'>Horum</span> <span class='ocrx_word' id='word_1_125' title='bbox 609 1243 795 1289; x_wconf 90' lang='lat' dir='ltr'>duorum</span> <span class='ocrx_word' id='word_1_126' title='bbox 820 1244 866 1288; x_wconf 84' lang='lat' dir='ltr'>in</span> <span class='ocrx_word' id='word_1_127' title='bbox 890 1243 1021 1288; x_wconf 87' lang='lat' dir='ltr'>altero</span> <span class='ocrx_word' id='word_1_128' title='bbox 1041 1260 1135 1305; x_wconf 84' lang='lat' dir='ltr'>spes</span> <span class='ocrx_word' id='word_1_129' title='bbox 1154 1244 1273 1288; x_wconf 86' lang='lat' dir='ltr'>nulla</span> <span class='ocrx_word' id='word_1_130' title='bbox 1290 1245 1486 1289; x_wconf 84' lang='lat' dir='ltr'>libidinis</span> <span class='ocrx_word' id='word_1_131' title='bbox 1501 1281 1512 1299; x_wconf 86' lang='lat'><strong>,</strong></span> <span class='ocrx_word' id='word_1_132' title='bbox 1531 1245 1577 1290; x_wconf 92' lang='lat' dir='ltr'>in</span> <span class='ocrx_word' id='word_1_133' title='bbox 1599 1244 1666 1289; x_wconf 91' lang='lat' dir='ltr'>al-</span> 
     </span>
     <span class='ocr_line' id='line_1_16' title="bbox 289 1313 1666 1376; baseline -0.001 -16"><span class='ocrx_word' id='word_1_134' title='bbox 289 1326 380 1360; x_wconf 86' lang='lat' dir='ltr'>tero</span> <span class='ocrx_word' id='word_1_135' title='bbox 407 1319 548 1374; x_wconf 87' lang='lat' dir='ltr'>major</span> <span class='ocrx_word' id='word_1_136' title='bbox 565 1325 627 1359; x_wconf 90' lang='lat' dir='ltr'>est</span> <span class='ocrx_word' id='word_1_137' title='bbox 650 1314 786 1374; x_wconf 84' lang='lat' dir='ltr'>gloria</span> <span class='ocrx_word' id='word_1_138' title='bbox 805 1313 1045 1358; x_wconf 79' lang='lat' dir='ltr'>charitatis,</span> <span class='ocrx_word' id='word_1_139' title='bbox 1069 1313 1192 1368; x_wconf 84' lang='lat' dir='ltr'>Quot</span> <span class='ocrx_word' id='word_1_140' title='bbox 1207 1325 1280 1358; x_wconf 88' lang='lat' dir='ltr'>aut</span> <span class='ocrx_word' id='word_1_141' title='bbox 1299 1314 1451 1376; x_wconf 87' lang='lat' dir='ltr'>quanti</span> <span class='ocrx_word' id='word_1_142' title='bbox 1468 1324 1567 1359; x_wconf 90' lang='lat' dir='ltr'>sunt</span> <span class='ocrx_word' id='word_1_143' title='bbox 1582 1314 1666 1376; x_wconf 83' lang='lat' dir='ltr'>ipsi</span> 
     </span>
     <span class='ocr_line' id='line_1_17' title="bbox 290 1382 1667 1448; baseline -0.002 -17"><span class='ocrx_word' id='word_1_144' title='bbox 290 1385 409 1441; x_wconf 73' lang='lat' dir='ltr'>anni,</span> <span class='ocrx_word' id='word_1_145' title='bbox 430 1385 590 1448; x_wconf 87' lang='lat' dir='ltr'>quibus</span> <span class='ocrx_word' id='word_1_146' title='bbox 606 1383 778 1429; x_wconf 78' lang='lat' dir='ltr'>videtur</span> <span class='ocrx_word' id='word_1_147' title='bbox 792 1383 934 1441; x_wconf 69' lang='lat' dir='ltr'>vigere</span> <span class='ocrx_word' id='word_1_148' title='bbox 951 1383 1030 1427; x_wconf 86' lang='lat' dir='ltr'>flos</span> <span class='ocrx_word' id='word_1_149' title='bbox 1046 1382 1228 1427; x_wconf 87' lang='lat' dir='ltr'>carnalis</span> <span class='ocrx_word' id='word_1_150' title='bbox 1249 1385 1416 1429; x_wconf 68' lang='lat' dir='ltr'>aetatis?</span> <span class='ocrx_word' id='word_1_151' title='bbox 1435 1383 1667 1429; x_wconf 76' lang='lat' dir='ltr'>Nonnullae</span> 
     </span>
     <span class='ocr_line' id='line_1_18' title="bbox 291 1452 1670 1517; baseline -0.002 -16"><span class='ocrx_word' id='word_1_152' title='bbox 291 1455 486 1501; x_wconf 79' lang='lat' dir='ltr'>foeminae</span> <span class='ocrx_word' id='word_1_153' title='bbox 517 1454 695 1517; x_wconf 83' lang='lat' dir='ltr'>nuptias</span> <span class='ocrx_word' id='word_1_154' title='bbox 728 1453 965 1512; x_wconf 72' lang='lat' dir='ltr'>cogitantes</span> <span class='ocrx_word' id='word_1_155' title='bbox 988 1463 1030 1497; x_wconf 93' lang='lat' dir='ltr'>et</span> <span class='ocrx_word' id='word_1_156' title='bbox 1054 1452 1252 1497; x_wconf 79' lang='lat' dir='ltr'>ardenter</span> <span class='ocrx_word' id='word_1_157' title='bbox 1292 1464 1490 1517; x_wconf 81' lang='lat' dir='ltr'>optantes</span> <span class='ocrx_word' id='word_1_158' title='bbox 1512 1491 1522 1510; x_wconf 83' lang='lat'>‚</span> <span class='ocrx_word' id='word_1_159' title='bbox 1563 1453 1670 1499; x_wconf 89' lang='lat' dir='ltr'>dum</span> 
     </span>
     <span class='ocr_line' id='line_1_19' title="bbox 296 1523 1670 1588; baseline -0.001 -19"><span class='ocrx_word' id='word_1_160' title='bbox 296 1534 561 1588; x_wconf 82' lang='lat' dir='ltr'>spernuntur</span> <span class='ocrx_word' id='word_1_161' title='bbox 573 1533 647 1568; x_wconf 85' lang='lat' dir='ltr'>aut</span> <span class='ocrx_word' id='word_1_162' title='bbox 661 1523 939 1577; x_wconf 76' lang='lat' dir='ltr'>differuntur,</span> <span class='ocrx_word' id='word_1_163' title='bbox 961 1532 1136 1584; x_wconf 83' lang='lat' dir='ltr'>repente</span> <span class='ocrx_word' id='word_1_164' title='bbox 1157 1533 1407 1579; x_wconf 76' lang='lat' dir='ltr'>senuerunt,</span> <span class='ocrx_word' id='word_1_165' title='bbox 1432 1533 1482 1568; x_wconf 87' lang='lat' dir='ltr'>ut</span> <span class='ocrx_word' id='word_1_166' title='bbox 1499 1540 1566 1568; x_wconf 88' lang='lat' dir='ltr'>eas</span> <span class='ocrx_word' id='word_1_167' title='bbox 1583 1539 1670 1568; x_wconf 91' lang='lat' dir='ltr'>nu-</span> 
     </span>
     <span class='ocr_line' id='line_1_20' title="bbox 297 1591 1672 1657; baseline -0.001 -18"><span class='ocrx_word' id='word_1_168' title='bbox 297 1595 398 1640; x_wconf 84' lang='lat' dir='ltr'>bere</span> <span class='ocrx_word' id='word_1_169' title='bbox 415 1598 506 1654; x_wconf 86' lang='lat' dir='ltr'>jam</span> <span class='ocrx_word' id='word_1_170' title='bbox 535 1593 723 1657; x_wconf 83' lang='lat' dir='ltr'>puderet</span> <span class='ocrx_word' id='word_1_171' title='bbox 746 1592 934 1655; x_wconf 84' lang='lat' dir='ltr'>amplius</span> <span class='ocrx_word' id='word_1_172' title='bbox 961 1609 1092 1655; x_wconf 86' lang='lat' dir='ltr'>quam</span> <span class='ocrx_word' id='word_1_173' title='bbox 1126 1591 1293 1639; x_wconf 85' lang='lat' dir='ltr'>liberet.</span> <span class='ocrx_word' id='word_1_174' title='bbox 1335 1593 1487 1638; x_wconf 80' lang='lat' dir='ltr'>Multae</span> <span class='ocrx_word' id='word_1_175' title='bbox 1529 1603 1672 1638; x_wconf 79' lang='lat' dir='ltr'>autem</span> 
     </span>
     <span class='ocr_line' id='line_1_21' title="bbox 297 1661 1674 1728; baseline -0.001 -18"><span class='ocrx_word' id='word_1_176' title='bbox 297 1676 449 1728; x_wconf 83' lang='lat' dir='ltr'>nuptae</span> <span class='ocrx_word' id='word_1_177' title='bbox 474 1663 765 1709; x_wconf 77' lang='lat' dir='ltr'>recentissima</span> <span class='ocrx_word' id='word_1_178' title='bbox 790 1678 866 1707; x_wconf 84' lang='lat' dir='ltr'>sua</span> <span class='ocrx_word' id='word_1_179' title='bbox 892 1666 988 1720; x_wconf 88' lang='lat' dir='ltr'>conj</span> <span class='ocrx_word' id='word_1_180' title='bbox 998 1662 1200 1707; x_wconf 87' lang='lat' dir='ltr'>unctione</span> <span class='ocrx_word' id='word_1_181' title='bbox 1222 1662 1267 1706; x_wconf 89' lang='lat' dir='ltr'>in</span> <span class='ocrx_word' id='word_1_182' title='bbox 1291 1661 1529 1726; x_wconf 85' lang='lat' dir='ltr'>longinqua</span> <span class='ocrx_word' id='word_1_183' title='bbox 1564 1679 1674 1725; x_wconf 91' lang='lat' dir='ltr'>pro-</span> 
     </span>
     <span class='ocr_line' id='line_1_22' title="bbox 299 1730 1675 1793; baseline -0.001 -15"><span class='ocrx_word' id='word_1_184' title='bbox 299 1733 420 1779; x_wconf 87' lang='lat' dir='ltr'>fectis</span> <span class='ocrx_word' id='word_1_185' title='bbox 441 1734 544 1780; x_wconf 82' lang='lat' dir='ltr'>viris</span> <span class='ocrx_word' id='word_1_186' title='bbox 572 1733 687 1788; x_wconf 82' lang='lat' dir='ltr'>suis,</span> <span class='ocrx_word' id='word_1_187' title='bbox 720 1730 909 1776; x_wconf 86' lang='lat' dir='ltr'>reditum</span> <span class='ocrx_word' id='word_1_188' title='bbox 944 1747 1092 1776; x_wconf 90' lang='lat' dir='ltr'>eorum</span> <span class='ocrx_word' id='word_1_189' title='bbox 1128 1731 1397 1793; x_wconf 80' lang='lat' dir='ltr'>expectando</span> <span class='ocrx_word' id='word_1_190' title='bbox 1431 1730 1675 1791; x_wconf 84' lang='lat' dir='ltr'>grandaevae</span> 
     </span>
     <span class='ocr_line' id='line_1_23' title="bbox 300 1800 1676 1864; baseline -0.001 -16"><span class='ocrx_word' id='word_1_191' title='bbox 300 1803 429 1850; x_wconf 82' lang='lat' dir='ltr'>factae</span> <span class='ocrx_word' id='word_1_192' title='bbox 460 1814 585 1858; x_wconf 84' lang='lat' dir='ltr'>sunt,</span> <span class='ocrx_word' id='word_1_193' title='bbox 610 1813 653 1848; x_wconf 88' lang='lat' dir='ltr'>et</span> <span class='ocrx_word' id='word_1_194' title='bbox 681 1812 890 1864; x_wconf 82' lang='lat' dir='ltr'>tanquam</span> <span class='ocrx_word' id='word_1_195' title='bbox 915 1801 1000 1846; x_wconf 89' lang='lat' dir='ltr'>cito</span> <span class='ocrx_word' id='word_1_196' title='bbox 1022 1801 1212 1846; x_wconf 79' lang='lat' dir='ltr'>viduatae</span> <span class='ocrx_word' id='word_1_197' title='bbox 1247 1800 1482 1863; x_wconf 85' lang='lat' dir='ltr'>aliquando</span> <span class='ocrx_word' id='word_1_198' title='bbox 1515 1817 1593 1846; x_wconf 87' lang='lat' dir='ltr'>nec</span> <span class='ocrx_word' id='word_1_199' title='bbox 1613 1818 1676 1846; x_wconf 89' lang='lat' dir='ltr'>re-</span> 
     </span>
     <span class='ocr_line' id='line_1_24' title="bbox 302 1870 1679 1932; baseline -0.003 -13"><span class='ocrx_word' id='word_1_200' title='bbox 302 1884 492 1919; x_wconf 85' lang='lat' dir='ltr'>meantes</span> <span class='ocrx_word' id='word_1_201' title='bbox 513 1873 663 1918; x_wconf 86' lang='lat' dir='ltr'>saltem</span> <span class='ocrx_word' id='word_1_202' title='bbox 682 1888 800 1917; x_wconf 87' lang='lat' dir='ltr'>senes</span> <span class='ocrx_word' id='word_1_203' title='bbox 832 1887 931 1916; x_wconf 88' lang='lat' dir='ltr'>suos</span> <span class='ocrx_word' id='word_1_204' title='bbox 954 1887 1061 1915; x_wconf 90' lang='lat' dir='ltr'>anus</span> <span class='ocrx_word' id='word_1_205' title='bbox 1087 1870 1303 1932; x_wconf 86' lang='lat' dir='ltr'>suscipere</span> <span class='ocrx_word' id='word_1_206' title='bbox 1336 1880 1598 1916; x_wconf 85' lang='lat' dir='ltr'>meruerunt.</span> <span class='ocrx_word' id='word_1_207' title='bbox 1633 1870 1679 1915; x_wconf 86' lang='lat' dir='ltr'>Si</span> 
     </span>
     <span class='ocr_line' id='line_1_25' title="bbox 304 1942 1680 2008; baseline -0.002 -16"><span class='ocrx_word' id='word_1_208' title='bbox 304 1964 405 2006; x_wconf 88' lang='lat' dir='ltr'>ergo</span> <span class='ocrx_word' id='word_1_209' title='bbox 423 1946 491 1992; x_wconf 77' lang='lat' dir='ltr'>vel</span> <span class='ocrx_word' id='word_1_210' title='bbox 523 1944 828 2008; x_wconf 81' lang='lat' dir='ltr'>spernentibus</span> <span class='ocrx_word' id='word_1_211' title='bbox 847 1943 915 1988; x_wconf 74' lang='lat' dir='ltr'>vel</span> <span class='ocrx_word' id='word_1_212' title='bbox 934 1942 1207 1987; x_wconf 82' lang='lat' dir='ltr'>tardantibus</span> <span class='ocrx_word' id='word_1_213' title='bbox 1228 1942 1393 2005; x_wconf 81' lang='lat' dir='ltr'>sponsis</span> <span class='ocrx_word' id='word_1_214' title='bbox 1411 1979 1420 1999; x_wconf 83' lang='lat'>‚</span> <span class='ocrx_word' id='word_1_215' title='bbox 1453 1943 1522 1988; x_wconf 83' lang='lat' dir='ltr'>vel</span> <span class='ocrx_word' id='word_1_216' title='bbox 1553 1960 1680 2006; x_wconf 89' lang='lat' dir='ltr'>pere-</span> 
     </span>
     <span class='ocr_line' id='line_1_26' title="bbox 308 2012 1681 2077; baseline -0.002 -15"><span class='ocrx_word' id='word_1_217' title='bbox 308 2016 581 2077; x_wconf 82' lang='lat' dir='ltr'>grinantibus</span> <span class='ocrx_word' id='word_1_218' title='bbox 604 2013 768 2059; x_wconf 83' lang='lat' dir='ltr'>maritis</span> <span class='ocrx_word' id='word_1_219' title='bbox 786 2050 796 2068; x_wconf 72' lang='lat'>‚</span> <span class='ocrx_word' id='word_1_220' title='bbox 825 2012 1010 2057; x_wconf 86' lang='lat' dir='ltr'>carnalis</span> <span class='ocrx_word' id='word_1_221' title='bbox 1031 2012 1383 2075; x_wconf 82' lang='lat' dir='ltr'>concupiscentia</span> <span class='ocrx_word' id='word_1_222' title='bbox 1403 2014 1550 2075; x_wconf 81' lang='lat' dir='ltr'>potuit</span> <span class='ocrx_word' id='word_1_223' title='bbox 1571 2031 1681 2059; x_wconf 91' lang='lat' dir='ltr'>con-</span> 
     </span>
     <span class='ocr_line' id='line_1_27' title="bbox 308 2082 1684 2147; baseline -0.002 -15"><span class='ocrx_word' id='word_1_224' title='bbox 308 2087 435 2132; x_wconf 86' lang='lat' dir='ltr'>tineri</span> <span class='ocrx_word' id='word_1_225' title='bbox 452 2103 504 2131; x_wconf 90' lang='lat' dir='ltr'>ne</span> <span class='ocrx_word' id='word_1_226' title='bbox 523 2096 723 2147; x_wconf 85' lang='lat' dir='ltr'>stuprum</span> <span class='ocrx_word' id='word_1_227' title='bbox 741 2094 815 2128; x_wconf 86' lang='lat' dir='ltr'>aut</span> <span class='ocrx_word' id='word_1_228' title='bbox 832 2082 1092 2127; x_wconf 85' lang='lat' dir='ltr'>adulterium</span> <span class='ocrx_word' id='word_1_229' title='bbox 1111 2082 1469 2138; x_wconf 82' lang='lat' dir='ltr'>committeretur,</span> <span class='ocrx_word' id='word_1_230' title='bbox 1485 2100 1565 2129; x_wconf 88' lang='lat' dir='ltr'>cur</span> <span class='ocrx_word' id='word_1_231' title='bbox 1582 2100 1684 2129; x_wconf 88' lang='lat' dir='ltr'>con-</span> 
     </span>
     <span class='ocr_line' id='line_1_28' title="bbox 314 2152 1686 2217; baseline -0.003 -15"><span class='ocrx_word' id='word_1_232' title='bbox 314 2156 437 2202; x_wconf 90' lang='lat' dir='ltr'>tineri</span> <span class='ocrx_word' id='word_1_233' title='bbox 455 2172 543 2200; x_wconf 91' lang='lat' dir='ltr'>non</span> <span class='ocrx_word' id='word_1_234' title='bbox 566 2164 773 2217; x_wconf 86' lang='lat' dir='ltr'>potestne</span> <span class='ocrx_word' id='word_1_235' title='bbox 789 2152 1056 2211; x_wconf 81' lang='lat' dir='ltr'>sacrilegium</span> <span class='ocrx_word' id='word_1_236' title='bbox 1081 2152 1411 2198; x_wconf 62' lang='lat' dir='ltr'>committatur?</span> <span class='ocrx_word' id='word_1_237' title='bbox 1431 2152 1477 2197; x_wconf 84' lang='lat' dir='ltr'>Si</span> <span class='ocrx_word' id='word_1_238' title='bbox 1496 2169 1686 2216; x_wconf 86' lang='lat' dir='ltr'>repressa</span> 
     </span>
     <span class='ocr_line' id='line_1_29' title="bbox 312 2221 1688 2285; baseline -0.004 -12"><span class='ocrx_word' id='word_1_239' title='bbox 312 2237 374 2273; x_wconf 90' lang='lat' dir='ltr'>est</span> <span class='ocrx_word' id='word_1_240' title='bbox 394 2243 494 2272; x_wconf 89' lang='lat' dir='ltr'>cum</span> <span class='ocrx_word' id='word_1_241' title='bbox 511 2225 692 2270; x_wconf 73' lang='lat' dir='ltr'>ferveret</span> <span class='ocrx_word' id='word_1_242' title='bbox 709 2223 844 2268; x_wconf 87' lang='lat' dir='ltr'>dilata</span> <span class='ocrx_word' id='word_1_243' title='bbox 857 2259 866 2277; x_wconf 78' lang='lat'><em>‚</em></span> <span class='ocrx_word' id='word_1_244' title='bbox 891 2239 970 2267; x_wconf 88' lang='lat' dir='ltr'>cur</span> <span class='ocrx_word' id='word_1_245' title='bbox 984 2239 1070 2266; x_wconf 89' lang='lat' dir='ltr'>non</span> <span class='ocrx_word' id='word_1_246' title='bbox 1090 2222 1356 2285; x_wconf 85' lang='lat' dir='ltr'>opprimitur</span> <span class='ocrx_word' id='word_1_247' title='bbox 1374 2238 1474 2267; x_wconf 88' lang='lat' dir='ltr'>cum</span> <span class='ocrx_word' id='word_1_248' title='bbox 1492 2221 1688 2281; x_wconf 86' lang='lat' dir='ltr'>friguerit</span> 
     </span>
     <span class='ocr_line' id='line_1_30' title="bbox 313 2291 1688 2360; baseline -0.004 -18"><span class='ocrx_word' id='word_1_249' title='bbox 313 2297 571 2360; x_wconf 61' lang='lat' dir='ltr'>amputata?</span> <span class='ocrx_word' id='word_1_250' title='bbox 601 2293 706 2338; x_wconf 90' lang='lat' dir='ltr'>Plus</span> <span class='ocrx_word' id='word_1_251' title='bbox 739 2292 855 2336; x_wconf 85' lang='lat' dir='ltr'>enim</span> <span class='ocrx_word' id='word_1_252' title='bbox 879 2291 1100 2336; x_wconf 87' lang='lat' dir='ltr'>ardentem</span> <span class='ocrx_word' id='word_1_253' title='bbox 1126 2292 1272 2336; x_wconf 87' lang='lat' dir='ltr'>ferunt</span> <span class='ocrx_word' id='word_1_254' title='bbox 1303 2291 1560 2347; x_wconf 79' lang='lat' dir='ltr'>libidinem,</span> <span class='ocrx_word' id='word_1_255' title='bbox 1587 2308 1688 2354; x_wconf 88' lang='lat' dir='ltr'>quae</span> 
     </span>
     <span class='ocr_line' id='line_1_31' title="bbox 314 2361 1689 2428; baseline -0.006 -15"><span class='ocrx_word' id='word_1_256' title='bbox 314 2385 402 2413; x_wconf 90' lang='lat' dir='ltr'>non</span> <span class='ocrx_word' id='word_1_257' title='bbox 421 2365 650 2428; x_wconf 88' lang='lat' dir='ltr'>desperant</span> <span class='ocrx_word' id='word_1_258' title='bbox 669 2361 860 2423; x_wconf 87' lang='lat' dir='ltr'>ejusdem</span> <span class='ocrx_word' id='word_1_259' title='bbox 881 2361 1076 2407; x_wconf 72' lang='lat' dir='ltr'>libidinis</span> <span class='ocrx_word' id='word_1_260' title='bbox 1095 2362 1379 2424; x_wconf 71' lang='lat' dir='ltr'>voluptatem.</span> <span class='ocrx_word' id='word_1_261' title='bbox 1405 2364 1519 2417; x_wconf 84' lang='lat' dir='ltr'>Quae</span> <span class='ocrx_word' id='word_1_262' title='bbox 1545 2371 1689 2405; x_wconf 88' lang='lat' dir='ltr'>autem</span> 
     </span>
     <span class='ocr_line' id='line_1_32' title="bbox 313 2430 1689 2500; baseline -0.007 -17"><span class='ocrx_word' id='word_1_263' title='bbox 313 2439 601 2500; x_wconf 85' lang='lat' dir='ltr'>innuptarum</span> <span class='ocrx_word' id='word_1_264' title='bbox 635 2433 876 2479; x_wconf 81' lang='lat' dir='ltr'>castitatem</span> <span class='ocrx_word' id='word_1_265' title='bbox 915 2432 1007 2477; x_wconf 89' lang='lat' dir='ltr'>Deo</span> <span class='ocrx_word' id='word_1_266' title='bbox 1031 2442 1209 2487; x_wconf 70' lang='lat' dir='ltr'>vovent,</span> <span class='ocrx_word' id='word_1_267' title='bbox 1250 2432 1391 2494; x_wconf 88' lang='lat' dir='ltr'>ipsam</span> <span class='ocrx_word' id='word_1_268' title='bbox 1422 2446 1544 2492; x_wconf 85' lang='lat' dir='ltr'>spem</span> <span class='ocrx_word' id='word_1_269' title='bbox 1579 2430 1689 2476; x_wconf 83' lang='lat' dir='ltr'>sul)-</span> 
     </span>
     <span class='ocr_line' id='line_1_33' title="bbox 315 2499 1690 2569; baseline -0.006 -16"><span class='ocrx_word' id='word_1_270' title='bbox 315 2508 528 2562; x_wconf 72' lang='lat' dir='ltr'>trahunt,</span> <span class='ocrx_word' id='word_1_271' title='bbox 555 2521 655 2569; x_wconf 83' lang='lat' dir='ltr'>quae</span> <span class='ocrx_word' id='word_1_272' title='bbox 672 2504 805 2550; x_wconf 89' lang='lat' dir='ltr'>fomes</span> <span class='ocrx_word' id='word_1_273' title='bbox 830 2503 984 2549; x_wconf 85' lang='lat' dir='ltr'>amoris</span> <span class='ocrx_word' id='word_1_274' title='bbox 1008 2512 1082 2549; x_wconf 83' lang='lat' dir='ltr'>est.</span> <span class='ocrx_word' id='word_1_275' title='bbox 1114 2500 1239 2547; x_wconf 58' lang='lat' dir='ltr'>[nde</span> <span class='ocrx_word' id='word_1_276' title='bbox 1262 2499 1431 2551; x_wconf 79' lang='lat' dir='ltr'>facilius</span> <span class='ocrx_word' id='word_1_277' title='bbox 1457 2499 1690 2563; x_wconf 83' lang='lat' dir='ltr'>concupis-</span> 
     </span>
    </p>
   </div>
   <div class='ocr_carea' id='block_1_3' title="bbox 369 2589 639 2629">
    <p class='ocr_par' dir='ltr' id='par_1_3' title="bbox 369 2589 639 2629">
     <span class='ocr_line' id='line_1_34' title="bbox 369 2589 639 2629; baseline -0.007 -7"><span class='ocrx_word' id='word_1_278' title='bbox 369 2591 376 2612; x_wconf 86' lang='lat'><strong>¹</strong></span> <span class='ocrx_word' id='word_1_279' title='bbox 395 2589 512 2622; x_wconf 62' lang='lat' dir='ltr'>Manli.</span> <span class='ocrx_word' id='word_1_280' title='bbox 533 2599 564 2629; x_wconf 78' lang='lat' dir='ltr'>x,</span> <span class='ocrx_word' id='word_1_281' title='bbox 587 2599 639 2618; x_wconf 76' lang='lat'>22.</span> 
     </span>
    </p>
   </div>
  </div>
 </body>
</html>
