1758 3246
360 301 414 332 nn
451 299 572 332 nono
609 298 881 340 comacum,
921 299 1010 330 tm.
1063 303 1090 331 1.
1332 279 1428 332 261'

2 355 3 418 f
51 377 165 423 cent,
183 376 227 412 et
244 382 322 431 per
345 365 460 412 hanc
483 365 787 412 abstinentiam
803 364 915 411 sicut
929 381 1008 428 per
1020 366 1185 425 jeJ‘unia
1204 383 1429 414 commen-

0 464 3 496 μ
51 436 155 482 dent
176 453 324 500 preces
346 452 442 482 suas
455 473 466 492 ,
482 435 550 482 vel
569 435 842 482 immutando
866 435 1105 481 naturalem
1122 453 1247 482 usum
1264 438 1309 483 in
1324 455 1425 484 eum

50 522 172 552 usum
198 507 274 571 qui
296 516 357 552 est
381 516 532 552 contra
569 516 796 563 naturam,
831 504 950 568 quod
974 504 1269 552 damnabilius
1293 508 1342 552 fit
1374 507 1422 553 in

0 632 1 636 Ἰ
50 581 244 637 conjuge.

112 648 215 694 XII.
256 647 367 692 Nam
389 663 490 693 cum
512 647 584 693 ille
609 646 816 693 naturalis
834 663 952 704 usus,
977 646 1155 712 quando
1174 646 1424 711 prolabitur

0 722 2 778 ζ
50 717 161 763 ultra
179 728 307 780 pacta
333 717 569 780 nuptialia,
589 717 635 763 id
657 729 743 775 est,
772 717 884 763 ultra
900 718 1175 782 propagandi
1194 717 1419 761 necessita-

41 796 136 832 tem
154 823 164 842 ,
191 786 368 832 venialis
386 787 440 832 sit
464 787 510 832 in
528 804 654 833 uxore
675 824 686 841 ,
712 788 760 830 in
782 789 1004 831 meretrice
1029 785 1314 842 damnabilis3
1337 785 1417 830 iste

49 857 125 920 qui
148 866 210 902 est
239 867 391 901 contra
412 866 612 901 naturam
631 892 642 911 ,
670 856 965 902 execrabiliter
1001 857 1050 901 fit
1086 857 1133 902 in
1158 855 1383 902 meretrice
1406 891 1418 911 ,

49 925 123 970 sed
141 924 421 971 execrabilius
437 925 483 970 in
508 942 649 972 uxore.
689 926 881 971 Tantum
898 926 1014 972 valet
1043 926 1259 972 ordinatio
1284 927 1424 972 Crea-

50 994 152 1040 toris
165 993 324 1039 etordo
344 1005 555 1040 creaturae
568 1032 579 1050 ,
606 1005 654 1040 ut
671 994 719 1040 in
735 995 864 1040 rebus
886 996 941 1041 ad
959 996 1169 1042 utendum
1190 996 1419 1052 concessis,

48 1064 178 1109 etiam
200 1080 302 1108 cum
318 1063 473 1109 modus
490 1064 723 1120 exceditur,
747 1064 872 1124 longe
896 1066 950 1111 sit
972 1065 1262 1122 tolerabilius,
1289 1082 1423 1126 quam

49 1133 95 1178 in
112 1134 169 1178 eis
185 1149 285 1196 quae
299 1149 498 1178 concessa
520 1150 610 1178 non
632 1143 732 1178 sunt
750 1170 761 1189 ,
779 1134 846 1178 vel
866 1151 976 1179 unus
993 1135 1062 1179 vel
1075 1150 1196 1178 rarus
1212 1148 1418 1178 excessus.

51 1204 107 1248 Et
124 1202 222 1248 ideo
247 1203 293 1248 in
311 1220 356 1248 rc
381 1221 580 1249 concessa
598 1203 898 1249 immoderatio
925 1204 1144 1263 conjugis,
1174 1220 1228 1248 ne
1253 1204 1300 1248 in
1331 1219 1426 1247 rem

50 1290 137 1318 non
155 1290 402 1319 concessam
426 1274 565 1319 libido
578 1284 840 1336 prorumpat
855 1310 866 1328 ,
892 1273 1113 1319 toleranda
1130 1282 1205 1318 est.
1229 1272 1346 1316 Hinc
1362 1281 1426 1316 est

50 1343 178 1388 etiam
206 1343 324 1405 quod
353 1342 479 1402 longe
517 1342 659 1387 minus
684 1352 839 1406 peccat
863 1342 1106 1405 quamlibet
1143 1341 1338 1387 assiduus
1369 1340 1426 1386 ad

51 1429 222 1459 uxorem
237 1449 249 1469 ,
271 1429 400 1475 quam
422 1412 489 1458 vel
508 1412 746 1458 rarissimus
761 1411 814 1457 ad
830 1411 1174 1459 fornicationem.
1196 1416 1310 1457 Cum
1323 1428 1426 1457 vero

51 1483 117 1529 vir
139 1483 334 1528 membro
351 1482 540 1528 mulieris
565 1500 653 1528 non
679 1482 734 1528 ad
758 1482 845 1528 hoc
869 1500 1070 1528 concesso
1106 1483 1172 1528 uti
1211 1482 1423 1539 voluerit,

50 1553 220 1616 turpior
238 1563 299 1597 est
322 1568 427 1598 uxor
445 1553 480 1598 si
500 1553 548 1598 in
571 1570 613 1598 se
625 1589 636 1609 ,
661 1569 794 1615 quam
812 1553 846 1597 si
865 1552 910 1597 in
940 1552 1022 1597 alia
1051 1553 1145 1597 fieri
1161 1552 1420 1616 permiserit.

52 1624 194 1668 Decus
210 1640 309 1683 ergo
329 1622 554 1682 conjugale
578 1633 639 1668 est
659 1624 831 1669 castitas
854 1622 1139 1686 procreandi,
1157 1634 1198 1668 et
1215 1622 1430 1668 reddendi

51 1693 234 1739 carnalis
259 1693 398 1739 debiti
439 1693 545 1739 fides
575 1711 586 1738 :
614 1693 701 1738 hoc
724 1704 786 1739 est
815 1710 924 1757 opus
955 1694 1232 1756 nuptiarum,
1254 1694 1343 1739 hoc
1370 1693 1428 1739 ab

52 1764 168 1810 omni
194 1764 373 1809 crimine
396 1762 588 1809 defendit
607 1764 840 1827 Apostolus
862 1764 1046 1809 dicendo
1072 1781 1082 1808 :
1100 1785 1120 1806 α
1131 1765 1188 1809 Et
1202 1765 1236 1810 si
1252 1781 1430 1828 accepe-

51 1855 74 1876 ›>
97 1834 154 1880 ris
173 1851 370 1889 uxorem,
408 1849 497 1879 non
533 1834 725 1896 peccasti
751 1851 762 1878 ε
787 1844 828 1879 et
855 1833 889 1879 si
912 1834 1110 1897 nupserit
1142 1834 1265 1894 virgo
1287 1872 1298 1890 ,
1339 1852 1427 1880 non

53 1926 74 1948 »
96 1915 263 1968 peccat.
288 1926 310 1947 ›>
336 1905 392 1949 Et
414 1941 425 1961 ,
448 1903 610 1960 «Quod
627 1904 744 1961 vult,
771 1903 905 1950 faciat
925 1924 937 1957 ;
971 1921 1060 1949 non
1081 1916 1260 1967 peccat,
1286 1906 1321 1951 si
1340 1922 1428 1951 nu-

53 1996 74 2018 »
95 1975 225 2022 bat.»
244 1975 452 2035 Exigendi
468 1985 609 2020 autem
629 1975 768 2021 debiti
793 1975 850 2020 ab
869 1975 1078 2020 alterutro
1098 1991 1196 2021 sexu
1218 1976 1429 2021 immode-

52 2046 184 2092 ratior
199 2046 457 2108 progressio,
474 2056 656 2109 propter
672 2045 744 2092 illa
756 2062 856 2108 quae
873 2063 1004 2108 supra
1019 2044 1125 2091 dixit
1138 2082 1150 2101 ,
1168 2047 1429 2109 conjugibus

53 2115 291 2162 secundum
311 2116 481 2162 veniam
505 2115 773 2161 conceditur.

113 2186 241 2232 XIII.
284 2185 417 2242 Quod
445 2202 544 2244 ergo
573 2185 633 2230 ait
656 2203 667 2230 ε
691 2206 712 2226 c<
738 2185 851 2241 Quae
878 2185 1066 2248 innupta
1089 2195 1176 2241 est,
1204 2185 1365 2245 cogitat
1383 2203 1433 2231 ea

53 2276 74 2297 »
101 2272 201 2318 quae
221 2266 320 2301 sunt
345 2254 546 2309 Domini,
576 2265 625 2299 ut
645 2255 699 2300 sit
715 2264 863 2300 sancta
887 2264 928 2300 et
951 2271 1134 2318 corpore
1147 2265 1188 2301 et
1212 2256 1369 2319 spiritu
1383 2292 1394 2311 ,
1411 2277 1433 2297 ›>

52 2343 140 2371 non
160 2326 221 2371 sic
256 2325 564 2389 accipiendum
588 2335 677 2381 est,
714 2335 763 2370 ut
782 2335 987 2388 putemus
1009 2341 1099 2370 non
1133 2342 1218 2371 esse
1241 2336 1435 2371 sanctam

55 2408 237 2455 corpore
260 2396 552 2441 Christianam
573 2398 803 2454 conjugem
824 2405 1000 2441 castam.
1029 2396 1248 2440 Omnibus
1269 2396 1434 2459 quippe

55 2463 258 2508 fidelibus
287 2462 455 2510 dictum
472 2476 535 2511 est
554 2483 568 2511 t
590 2487 611 2507 ει
625 2465 808 2511 Nescitis
832 2466 936 2529 quia
957 2482 1141 2529 corpora
1164 2476 1303 2511 vestra
1318 2475 1434 2510 tem-

58 2553 79 2577 »
102 2532 228 2598 plum
241 2533 288 2578 in
299 2532 424 2580 vobis
437 2542 499 2580 est
514 2534 703 2598 Spiritus
714 2537 869 2595 sancti,
891 2552 1022 2603 quem
1034 2535 1206 2585 habetis
1224 2553 1248 2583 a
1267 2536 1357 2582 Deo
1367 2535 1401 2580 ⁴1.
1411 2554 1434 2575 x>

107 2616 119 2638 ¹
143 2625 156 2646 x
177 2616 252 2648 Cor.
271 2624 313 2655 vx,
333 2625 387 2657 ¹9·
