1758 3246
324 308 416 361 2364
729 322 762 351 s.
808 320 1047 352 AUGUSTINI
1083 318 1282 349 muscom

324 386 454 431 etiam
475 385 680 445 gaudium
695 423 705 442 ,
728 385 847 448 quod
872 401 1032 431 merces
1055 393 1199 429 nostra
1216 399 1371 442 magna
1393 394 1457 429 est
1478 383 1523 429 in
1542 384 1663 431 coelis
1676 422 1689 441 ,

320 455 448 500 etiam
473 472 573 501 cum
598 455 752 501 dicunt
774 455 971 500 homines
988 453 1100 499 mala
1122 452 1259 498 multa
1281 452 1335 497 de
1352 452 1479 498 nobis
1497 489 1509 507 ‚
1530 453 1603 516 pie
1621 464 1692 499 ta-

320 541 418 569 men
432 528 630 588 Justeque
652 525 914 570 viventibus.
944 523 1025 568 llla
1054 523 1168 567 enim
1194 538 1354 567 merces
1378 532 1586 586 tanquam
1612 523 1694 568 sti-

320 593 530 656 pendium
571 605 633 640 est
656 594 963 651 militantium,
984 609 1063 656 per
1083 609 1202 637 arma
1214 592 1394 650 justitiae
1417 629 1427 646 ‚
1449 608 1537 638 non
1554 591 1694 638 solum

320 662 489 709 dextera
505 701 515 715 ,
547 680 696 709 verum
728 674 769 708 et
795 663 965 708 sinistra
981 699 992 717 ,
1020 679 1098 724 per
1122 660 1303 720 gloriam
1326 660 1490 706 scilicet
1506 672 1549 706 et
1565 661 1694 720 igno-

318 731 531 778 bilitatem
548 770 558 788 ‚
584 750 662 795 per
680 732 902 778 infamiam
924 742 964 776 et
987 731 1147 776 bonam
1172 729 1346 776 famam.

383 802 591 847 XXVIII.
636 802 760 861 Agite
791 802 937 864 itaque
971 817 1148 846 cursum
1173 810 1364 845 vestrum
1383 837 1393 855 ,
1429 811 1470 845 et
1493 817 1698 863 perseve-

319 881 464 915 ranter
502 872 663 916 currite
681 908 692 928 ,
744 882 791 916 ut
833 870 1236 934 comprehendatiS,
1278 880 1319 914 et
1364 870 1557 932 exemplo
1593 870 1697 916 vitae

319 939 714 1003 exhortationisque
741 957 934 985 sermone
956 940 1095 1002 rapite
1119 940 1165 985 in
1181 938 1380 984 eumdem
1401 955 1577 984 cursum
1596 955 1696 985 ves-

321 1019 434 1055 trum
468 1027 763 1074 quascumque
799 1010 1041 1073 potueritis.
1082 1010 1180 1054 Non
1210 1026 1286 1054 vos
1319 1008 1374 1053 ab
1406 1008 1492 1054 1100
1519 1008 1692 1065 studio,

317 1096 405 1141 quo
436 1079 592 1125 multas
616 1080 671 1125 ad
693 1080 954 1126 imitandum
977 1079 1171 1125 excitatis
1187 1116 1197 1134 ,
1223 1078 1394 1138 frangat
1421 1078 1594 1142 querela
1612 1096 1694 1125 va-

320 1164 476 1193 norum
489 1186 498 1204 ,
511 1150 589 1212 qui
607 1149 787 1194 dicunt:
808 1149 1041 1206 Quomodo
1061 1149 1263 1194 subsistet
1281 1164 1414 1207 genus
1431 1149 1694 1205 humanum,

319 1217 354 1262 si
380 1234 527 1262 omnes
544 1218 704 1263 fuerint
723 1219 1022 1262 continentes?
1052 1218 1187 1273 Quasi
1211 1228 1391 1280 propter
1416 1217 1535 1263 aliud
1557 1228 1698 1263 retar-

321 1285 447 1331 detur
472 1287 558 1331 hoc
582 1286 791 1332 saeculum
809 1323 819 1342 ,
848 1286 928 1331 nisi
949 1296 997 1331 ut
1017 1286 1253 1348 impleatur
1271 1286 1604 1348 praedestinatus
1619 1304 1698 1332 nu-

322 1372 464 1401 merus
481 1355 552 1400 ille
580 1366 828 1401 sanctorum
848 1392 859 1410 ‚
888 1372 975 1417 quo
1002 1355 1130 1400 citius
1158 1354 1364 1416 impleto,
1390 1355 1587 1417 profecto
1617 1373 1698 1402 nec

320 1426 530 1470 terminus
548 1426 697 1471 saeculi
723 1425 956 1470 differetur.
984 1425 1076 1469 Nec
1099 1423 1209 1469 illud
1229 1440 1304 1469 vos
1320 1424 1508 1469 retardet
1525 1425 1580 1470 ab
1610 1436 1697 1472 stu-

322 1493 394 1539 dio
413 1494 701 1557 persuadendi
729 1494 821 1539 aliis
846 1495 1014 1539 1100001
1043 1504 1234 1540 vestrum
1250 1531 1261 1549 ,
1291 1494 1325 1538 si
1347 1493 1520 1539 dicatur
1543 1495 1667 1541 vobis
1682 1533 1693 1552 ‚
1757 1519 1758 1529 ¹

321 1579 420 1608 cum
440 1574 482 1608 et
513 1563 682 1626 nuptiae
713 1564 844 1608 bonae
867 1564 978 1620 sint,
1006 1562 1226 1626 quomodo
1256 1574 1384 1608 crunt
1413 1566 1558 1610 omnia
1581 1565 1699 1610 bona
1757 1579 1758 1583 ’

320 1632 364 1677 111
386 1633 552 1678 Christi
575 1650 780 1696 corpore.
809 1644 850 1678 et
877 1637 1041 1693 majora
1068 1633 1232 1679 scilicet
1255 1644 1298 1678 et
1322 1634 1517 1690 minora,
1545 1637 1579 1680 si
1598 1652 1698 1681 om-
1756 1650 1758 1687 ;

320 1720 393 1748 1105
410 1704 689 1749 continentiae
707 1703 835 1749 laude
853 1714 980 1766 atque
999 1721 1142 1749 amore
1159 1704 1412 1750 imitentur?
1430 1705 1579 1750 Primo
1596 1706 1699 1768 quia
1755 1718 1758 1771 j

320 1773 518 1818 conando
536 1784 585 1818 ut
601 1790 748 1817 omnes
765 1773 850 1818 sint
865 1773 1153 1829 continentes,
1174 1783 1279 1818 tunc
1296 1785 1423 1818 erunt
1435 1773 1502 1819 vel
1520 1791 1691 1836 paucae.
1754 1792 1758 1837 g

321 1862 340 1881 «
364 1841 512 1904 xleque
533 1842 647 1886 enim
666 1859 812 1887 omnes
831 1842 1012 1904 capiunt
1028 1842 1212 1888 verbum
1225 1842 1326 1889 1100.
1348 1864 1368 1883 ›>
1383 1842 1468 1888 Sed
1489 1843 1698 1906 quoniam
1754 1844 1758 1886 ,ἱ

320 1910 530 1973 scriptum
554 1922 615 1956 est
636 1928 646 1955 t
677 1932 697 1953 c<
718 1911 807 1967 Qui
833 1922 976 1974 potest
999 1928 1177 1974 capere,
1207 1911 1380 1975 capiatl
1405 1929 1417 1957 ε
1442 1934 1460 1952 »
1490 1923 1597 1958 tunc
1620 1931 1697 1958 ca·
1754 1910 1756 1969 Ῑ

319 1980 450 2042 piunt
469 1997 568 2043 quae
592 1991 779 2043 possunt
796 2017 806 2036 ,
837 1981 869 2025 si
891 1998 969 2026 nec
990 1981 1074 2026 illis
1092 1998 1192 2043 quae
1216 1998 1303 2026 non
1337 1981 1517 2044 capiunt
1550 1992 1697 2028 tacea-
1753 1978 1755 2018 ἶ

325 2059 407 2094 tur.
434 2049 602 2095 Deinde
622 2067 699 2095 nec
718 2050 868 2095 timere
887 2050 1113 2106 debemus,
1135 2067 1188 2095 ne
1202 2050 1315 2095 sorte
1335 2068 1481 2096 omnes
1500 2052 1692 2115 capiant,
1752 2078 1754 2084 f

318 2129 362 2162 et
385 2118 551 2180 aliquid
583 2119 636 2164 de
671 2119 914 2166 minoribus
937 2120 1066 2165 bonis
1081 2157 1092 2176 ,
1119 2120 1165 2165 id
1190 2130 1278 2176 est,
1314 2121 1554 2180 conjugalis
1578 2121 1667 2168 vita
1682 2158 1693 2177 ,

323 2188 488 2233 Christi
518 2188 628 2234 desit
658 2189 703 2234 in
733 2207 928 2253 corpore.
971 2190 1016 2235 Si
1045 2191 1159 2236 011110
1191 2208 1337 2237 omnes
1374 2191 1613 2247 audierint,
1654 2202 1698 2238 et

320 2274 467 2303 omnes
490 2259 736 2321 coeperint,
768 2259 1005 2319 intelligere
1030 2259 1238 2306 debemus
1270 2260 1358 2306 hoc
1392 2260 1537 2323 ipsum
1568 2260 1697 2306 fuisse

321 2326 704 2390 praedestinatum,
742 2339 789 2373 ut
819 2329 1063 2388 conjugalia
1094 2330 1210 2375 bona
1243 2330 1290 2376 in
1320 2329 1493 2376 illorum
1517 2346 1696 2376 numero
1750 2390 1751 2395 Ἰ

322 2397 618 2443 membrorum
637 2401 730 2457 jam
750 2398 992 2455 sufficiant,
1027 2416 1127 2463 quae
1158 2410 1245 2445 tam
1271 2400 1406 2445 multa
1434 2417 1481 2443 cx
1503 2398 1584 2444 hac
1608 2399 1697 2444 vita
1748 2430 1751 2435 ·

321 2467 598 2514 transierunt.
631 2469 781 2531 Neque
806 2469 920 2514 enim
946 2486 1062 2514 11000
1080 2506 1091 2523 ,
1131 2471 1164 2514 51
1191 2485 1338 2514 omnes
1366 2467 1529 2513 fuerint
1550 2469 1696 2514 conti-
1748 2470 1751 2494 ³

320 2549 465 2583 nentes
484 2575 494 2594 ,
523 2539 731 2584 honorem
752 2540 1065 2586 continentium
1092 2540 1236 2585 daturi
1258 2549 1357 2586 sunt
1380 2539 1438 2585 eis
1461 2539 1534 2601 qui
1558 2539 1688 2585 trice·
1748 2576 1749 2581 ¹

371 2623 376 2644 ¹
400 2622 564 2657 Ν13011.ν,
590 2630 843 2663 ωαεχικμῐ.
