1758 3246
86 274 385 307 ENCHIRIDION
421 277 474 306 DE
510 277 628 316 FIDE,
658 277 733 306 SPE
768 278 821 306 ET
857 278 1123 319 CHARITATE,
1153 282 1238 311 Lm.
1280 282 1309 311 1.
1360 267 1447 312 135

85 340 161 402 qui
182 343 307 387 etiam
333 342 385 387 de
407 358 588 404 corpore
609 359 704 398 suo,
733 359 811 406 per
828 343 946 407 quod
970 344 1108 390 factus
1125 358 1186 391 est
1203 357 1339 409 caput
1356 348 1448 393 Ec·-

84 410 239 469 clesiae,
279 432 379 478 quae
404 416 448 459 in
474 415 726 460 hominibus
753 425 814 459 est
837 432 846 459 :
877 436 896 455 «
919 417 977 461 Ut
996 417 1048 461 sit
1065 417 1155 479 ipse
1179 418 1222 462 in
1246 418 1449 463 omnibus

83 483 362 544 »primatum
400 484 602 539 tenens‘1‚
639 485 726 529 ait:
757 485 918 530 Solvite
949 486 1163 548 templum
1192 486 1295 537 hoc,
1333 498 1375 532 et
1402 487 1449 532 in

81 568 102 589 ³>
126 553 272 599 triduo
303 555 519 600 suscitabo
541 554 688 601 illud2.
714 576 733 595 n
759 555 994 618 Templum
1014 573 1113 616 ergo
1149 557 1245 611 Dei,
1278 557 1366 602 hoc
1389 568 1450 602 est

79 623 209 670 totius
240 642 421 671 summae
458 626 706 680 Trinitatis,
747 637 891 671 sancta
922 637 983 672 est
1022 627 1210 673 Ecclesia
1236 663 1246 682 ,
1289 627 1451 672 scilicet

77 696 271 742 universa
293 697 338 742 in
358 699 470 744 coelo
492 709 532 744 et
556 698 601 744 in
623 708 755 745 terra.
786 698 871 744 Sed
892 698 945 744 de
964 699 1038 744 illa
1055 715 1157 762 quae
1179 698 1225 743 in
1250 697 1365 743 coelo
1384 708 1447 743 est

76 765 286 812 affirmare
297 767 403 831 quid
418 785 663 832 possumus,
689 769 770 814 nisi
785 768 905 832 quod
925 769 1070 814 nullus
1090 769 1135 814 in
1154 786 1201 813 ea
1218 767 1358 813 malus
1368 778 1447 824 est,

74 852 152 881 nec
180 838 410 901 quisquam
439 839 642 902 deinceps
666 839 767 884 inde
799 839 958 884 cecidit
992 849 1065 885 aut
1090 854 1266 884 casurus
1295 848 1373 892 est,
1403 855 1450 883 ex

74 921 160 967 quo
202 908 316 953 Deus
352 909 562 968 «Angelis
600 909 884 972 peccantibus
916 927 1004 954 non
1038 909 1236 972 pepercit
1258 925 1267 952 :
1289 928 1310 949 »
1338 908 1451 953 sicut

73 976 226 1022 scribit
260 980 478 1042 apostolus
515 981 665 1025 Petrus
689 998 699 1025 :
731 1001 751 1021 «
773 980 857 1025 Sed
888 980 1137 1026 carceribus
1166 978 1362 1038 caliginis
1382 979 1449 1023 in-

71 1068 92 1088 »
115 1046 194 1092 feri
218 1049 443 1094 retrudens
459 1050 640 1094 tradidit
655 1050 700 1095 in
714 1050 885 1109 judicio
906 1050 1152 1113 puniendos
1166 1049 1370 1094 reservari
1385 1048 1448 1095 ὅ.»

73 1115 306 1172 Quomodo
329 1129 468 1163 autem
489 1136 530 1163 se
559 1119 720 1163 habeat
739 1119 986 1164 beatissima
1006 1120 1080 1164 illa
1104 1129 1145 1164 et
1175 1135 1360 1180 superna
1385 1134 1450 1163 so-

70 1185 212 1242 cietas,
241 1205 340 1250 quae
362 1189 425 1233 ibi
451 1189 534 1233 sint
567 1188 820 1233 differentiae
843 1190 1254 1250 praepositurarum,
1279 1198 1327 1231 ut
1347 1203 1448 1232 cum

69 1271 213 1302 omnes
233 1268 438 1320 tanquam
459 1257 643 1316 generali
663 1257 838 1301 nomine
853 1257 1007 1316 ,Augeli
1026 1266 1356 1319 nuncupentur,
1377 1257 1450 1318 (si-

67 1337 142 1371 cut
164 1327 209 1371 in
241 1327 432 1390 Epistola
456 1328 512 1373 ab
539 1327 749 1372 Hebraeos
772 1326 952 1386 legimus
973 1344 983 1371 :
1015 1327 1136 1372 «Cui
1160 1326 1275 1372 enim
1302 1327 1448 1385 Ange-

67 1395 253 1443 »lorum
289 1398 394 1443 dixit
429 1397 662 1462 aliquando
697 1414 707 1441 z
741 1397 850 1442 Sede
875 1415 898 1442 a
931 1397 1088 1443 dextris
1131 1397 1293 1442 meis49
1316 1418 1336 1438 υ
1361 1397 1448 1442 hoc

66 1467 231 1530 quippe
270 1468 403 1513 modo
443 1467 702 1528 significavit
736 1484 884 1513 omnes
926 1467 1221 1513 universaliter
1266 1467 1448 1526 Angelos

65 1535 153 1583 dici
175 1556 185 1583 :
211 1538 226 1600 )
251 1539 335 1584 sint
366 1550 509 1584 tamen
535 1539 624 1583 illic
653 1537 915 1596 Archangeli
942 1555 953 1582 :
974 1548 1015 1583 et
1041 1548 1189 1583 utrum
1213 1537 1347 1582 iidem
1368 1539 1447 1582 Ar-

65 1606 264 1668 changeli
309 1608 582 1671 appellentur
617 1608 832 1660 Virtutes3
875 1618 1005 1670 atque
1041 1608 1100 1653 ita
1139 1607 1309 1652 dictum
1339 1607 1393 1652 sit
1419 1623 1431 1650 ε

64 1695 84 1715 «
102 1677 298 1724 Laudate
316 1696 433 1734 eum,
461 1695 606 1724 omnes
632 1677 783 1736 Angeli
807 1682 927 1736 eJ'us:
958 1678 1132 1723 laudate
1158 1693 1276 1732 eum,
1295 1693 1443 1722 omnes

63 1770 84 1790 »
105 1749 294 1795 Virtutes
322 1754 411 1809 ejus
429 1770 441 1802 ς
461 1771 481 1791 ›>
512 1767 560 1794 ac
595 1749 627 1793 si
652 1748 869 1794 diceretur
891 1766 901 1792 ε
928 1748 1123 1793 Laudate
1158 1764 1276 1803 eum,
1299 1763 1446 1792 omnes

63 1820 214 1878 Angeli
248 1823 336 1879 ejus
369 1838 379 1864 ε
407 1819 579 1865 laudate
609 1835 724 1874 eum⁶
757 1836 904 1863 omnes
935 1817 1198 1878 Archangeli
1232 1821 1325 1877 ejus
1365 1834 1376 1860 :
1405 1826 1448 1861 et

60 1890 168 1952 quid
199 1890 310 1935 inter
332 1908 374 1935 se
400 1890 559 1935 distent
578 1900 767 1953 quatuor
785 1889 857 1933 illa
881 1889 1097 1934 vocabula
1120 1908 1131 1934 ι
1154 1888 1318 1952 quibus
1343 1887 1445 1932 uni-

60 1976 226 2005 versam
246 1960 383 2023 ipsam
404 1961 620 2006 coelestem
639 1960 881 2005 societatem
901 1959 1076 2005 videtur
1098 1957 1340 2022 Apostolus
1359 1975 1446 2002 esse

60 2029 308 2092 complexus
324 2068 334 2083 ,
361 2030 546 2076 dicendo
570 2048 581 2076 z
612 2052 631 2071 α
655 2031 752 2075 Sive
782 2029 911 2074 Sedes
928 2067 938 2078 ,
973 2031 1060 2075 sive
1087 2028 1430 2083 Dominationes,

59 2119 80 2139 ³>
105 2099 192 2144 sive
213 2100 510 2162 Principatus‚
533 2101 618 2145 sive
641 2099 919 2155 potestatesf’,
934 2121 953 2139 »
973 2099 1121 2145 dicant
1136 2099 1213 2163 qui
1234 2107 1434 2161 possunt,

59 2169 92 2214 si
110 2179 253 2215 tamen
270 2181 452 2232 possunt
470 2170 657 2232 probare
675 2170 793 2233 quod
810 2170 964 2215 dicunt
976 2171 994 2198 6
1013 2187 1023 2214 :
1046 2187 1123 2229 ego
1140 2186 1207 2214 me
1224 2169 1304 2214 ista
1323 2168 1443 2226 igno-

58 2255 151 2284 rare
173 2240 395 2285 confiteor.
423 2240 507 2284 Sed
525 2257 577 2284 ne
592 2239 702 2285 illud
719 2240 897 2303 quidem
916 2251 1083 2285 certum
1097 2240 1260 2293 habeo,
1291 2248 1442 2283 utrum

59 2307 111 2352 ad
132 2308 326 2354 eamdem
351 2309 595 2355 societatem
610 2309 857 2371 pertineant
873 2309 935 2354 sol
956 2320 996 2354 et
1015 2310 1120 2355 luna
1140 2319 1181 2354 et
1195 2318 1355 2354 cuncta
1380 2307 1441 2351 si—

59 2376 162 2423 dera
191 2396 202 2423 :
234 2380 434 2441 quamvis
458 2379 678 2425 nonnullis
692 2379 839 2425 lucida
870 2397 1059 2443 corpora
1095 2396 1198 2434 esse,
1229 2395 1316 2422 non
1338 2393 1441 2422 cum

118 2474 264 2506 ¹Coloss.
278 2487 302 2511 ι,
324 2476 375 2506 18.
396 2494 440 2499 --
455 2475 469 2496 2
484 2478 636 2512 Joan.11,
659 2487 697 2516 19
730 2493 775 2498 —-
796 2472 812 2497 3
838 2487 855 2505 2
875 2479 957 2508 Petr.
976 2487 1016 2509 11,
1034 2481 1061 2510 4.
1079 2493 1122 2498 -
1139 2471 1154 2494 ⁴
1170 2473 1269 2504 Hehr.
1285 2484 1308 2509 1,
1329 2473 1378 2502 13.
1395 2488 1440 2494 —-

58 2531 71 2553 -t
91 2527 169 2557 Psal.
197 2538 334 2562 cxnvm,
365 2539 393 2559 1.
426 2542 466 2546 -
492 2526 505 2549 5
536 2529 654 2559 Coloss.
684 2539 703 2561 ι,
738 2529 788 2558 16.
811 2544 858 2551 -
885 2526 900 2549 6
920 2528 1002 2558 Vide
1031 2527 1083 2558 lib.
1104 2526 1143 2556 ad
1164 2528 1312 2556 Orostum
1331 2530 1440 2556 contra

57 2578 285 2611 Priscillianist-
300 2590 369 2621 cap.
392 2591 402 2609 1
416 2591 426 2608 1
437 2605 444 2611 .
