1758 3246
297 261 383 316 184
712 278 746 307 s,
790 275 1032 309 incusum
1068 276 1273 311 Emscom

289 358 380 386 mas
408 340 653 402 imperitas,
675 342 912 406 quaerendo
939 343 1053 389 unde
1079 346 1132 390 sit
1164 346 1343 392 malum.
1371 345 1555 391 Sicutin
1579 344 1659 391 isto

291 409 484 472 capitulo
502 408 690 467 faciunt,
712 412 831 474 quod
855 412 911 457 ab
936 415 1142 475 Apostolo
1159 416 1371 479 scriptum
1399 426 1486 472 est,
1512 436 1533 456 «
1549 416 1660 461 Rec-

291 500 312 520 »
335 489 447 524 tores
467 479 626 525 haruin
653 482 927 527 tenebrarum
945 519 956 538 ,
976 493 1016 527 et
1033 485 1242 546 spiritalia
1268 487 1474 549 nequitiae
1497 485 1543 530 in
1560 501 1659 530 coe-

289 569 312 592 »
329 548 508 595 lestibus
526 549 558 597 1.
578 572 598 592 »
618 553 833 608 Quaerunt
846 553 958 597 enim
973 553 1220 616 deceptores
1239 556 1318 612 illi,
1338 567 1379 600 et
1396 557 1662 615 interrogant

286 619 511 665 hominem
555 621 802 684 Scripturas
845 622 1012 667 divinas
1047 640 1134 668 non
1175 625 1506 685 intelligentem,
1548 625 1663 671 unde

287 691 373 735 sint
396 691 443 736 in
461 691 574 737 coelo
606 704 791 738 rectores
829 694 1130 740 tenebrarum:
1179 707 1227 741 ut
1263 713 1363 741 cum
1403 696 1662 759 respondere

287 778 376 807 non
397 763 614 825 potuerit,
644 763 901 809 traducatur
930 765 984 809 ab
1018 766 1076 810 eis
1105 783 1184 828 per
1209 767 1530 812 curiositatem:
1560 768 1663 831 quia

288 833 429 877 omnis
448 833 591 878 anima
612 833 789 878 indocta
814 835 980 879 curiosa
997 845 1071 880 est.
1102 836 1191 891 Qui
1210 847 1352 880 autem
1369 836 1500 881 fidem
1513 836 1664 881 catho-

286 900 416 946 licam
439 901 544 948 bene
569 902 725 948 didicit
743 940 753 959 ‚
778 915 819 948 et
839 904 964 949 bonis
988 905 1183 950 moribus
1202 916 1243 950 et
1266 923 1366 951 vera
1382 907 1544 969 pietate
1558 922 1661 952 mu-

287 972 405 1016 nitus
428 983 490 1017 est
509 975 706 1035 quamvis
729 991 876 1019 eorum
902 975 1100 1020 haeresim
1118 976 1281 1021 nesciat
1298 1013 1308 1033 ‚
1336 976 1568 1039 respondet
1582 976 1664 1021 illis

290 1052 446 1089 tamen.
479 1044 568 1088 Nec
585 1044 699 1088 enim
718 1043 862 1107 decipi
889 1055 1031 1107 potest
1053 1082 1063 1100 ,
1085 1046 1162 1108 qui
1175 1049 1269 1104 jam
1296 1047 1417 1092 novit
1441 1046 1549 1109 quid
1568 1063 1665 1110 per·

290 1113 425 1159 tineat
447 1114 503 1160 ad
527 1114 807 1160 christianam
832 1114 962 1159 fidem
976 1152 986 1171 ,
1016 1131 1114 1177 quae
1141 1115 1359 1161 catholica
1382 1116 1567 1171 dicitur,
1587 1133 1666 1178 per

290 1185 440 1230 orbem
456 1197 668 1232 terrarum
690 1203 837 1248 sparsa
851 1222 862 1241 ,
885 1195 926 1230 et
963 1196 1114 1231 contra
1136 1202 1284 1230 omnes
1306 1186 1465 1249 impios
1482 1197 1523 1231 et
1556 1203 1666 1250 pec-

290 1267 472 1314 catores,
508 1258 767 1318 negligentes
792 1267 934 1302 autem
955 1257 1084 1303 etiam
1106 1273 1204 1302 suos
1219 1256 1262 1312 2,
1287 1257 1475 1302 Domino
1504 1258 1667 1317 guber—

289 1339 421 1373 nante
440 1346 603 1375 secura.

354 1399 406 1446 V.
460 1400 677 1455 Quoniam
727 1416 826 1457 ergo
879 1397 1133 1443 dicebamus
1183 1399 1428 1461 apostolum
1484 1399 1671 1445 Paulum

289 1470 440 1516 dixisse
458 1471 621 1516 habere
648 1487 725 1515 nos
746 1468 1096 1514 colluctationem
1120 1469 1323 1514 adversus
1342 1479 1529 1514 rectores
1551 1480 1672 1515 tene-

286 1540 468 1586 brarum
489 1551 531 1585 et
552 1539 760 1602 spiritalia
789 1538 997 1601 nequitiae
1022 1539 1066 1583 in
1090 1538 1364 1591 coelestibus3
1390 1550 1433 1584 et
1457 1539 1671 1602 probavi-

288 1627 385 1655 mus
407 1611 536 1656 etiam
554 1610 684 1656 istum
708 1614 852 1655 aif=rem
873 1619 1001 1654 terrae
1028 1610 1275 1671 proximum
1301 1608 1465 1654 coelum
1489 1610 1634 1656 vocari
1655 1626 1668 1655 ε

287 1690 461 1743 oportet
489 1680 663 1725 credere
696 1680 924 1725 adversum
956 1678 1182 1724 diabolum
1219 1690 1262 1723 et
1286 1679 1457 1738 angelos
1479 1682 1570 1738 ejus
1593 1697 1671 1725 nos

288 1750 496 1796 dimicare
515 1787 525 1805 ‚
549 1750 625 1814 qui
644 1750 833 1810 gaudent
853 1749 1260 1811 perturbationibus
1284 1749 1454 1795 nostris.
1494 1750 1605 1794 Nam
1629 1760 1672 1795 et

286 1820 378 1883 ipse
404 1820 636 1883 Apostolus
671 1820 753 1865 alio
777 1819 873 1864 loco
905 1818 1132 1863 diabolum
1163 1819 1408 1881 principem
1447 1819 1671 1881 potestatis

290 1890 401 1934 aeris
423 1890 556 1949 hujus
571 1889 804 1953 appellat3.
830 1889 1040 1943 Quamvis
1061 1888 1130 1933 ille
1149 1888 1287 1944 locus,
1311 1889 1388 1933 ubi
1415 1888 1473 1932 ait
1495 1905 1506 1932 :
1531 1909 1550 1929 «
1572 1889 1671 1952 Spi-

292 1979 313 1999 »
333 1958 474 2004 ritalia
489 1961 695 2023 nequitiae
713 1959 758 2004 in
783 1958 1032 2004 coelestibus
1046 1995 1056 2014 ‚
1085 1980 1104 1999 >³
1123 1960 1259 2021 possit
1276 1969 1318 2003 et
1333 1958 1456 2003 aliter
1469 1958 1667 2017 intelligi,

287 2038 337 2073 ut
361 2046 446 2073 non
480 2029 597 2091 ipsos
630 2029 984 2091 praevaricatores
1016 2027 1185 2085 angelos
1218 2029 1263 2073 in
1296 2028 1547 2073 coelestibus
1583 2044 1669 2073 esse

286 2096 439 2142 dixerit
454 2135 464 2153 ‚
492 2097 565 2142 sed
590 2115 667 2143 nos
690 2098 835 2160 potius
849 2134 859 2151 ‚
882 2097 934 2141 de
952 2097 1111 2158 quibus
1130 2097 1213 2142 alio
1232 2097 1327 2143 loco
1348 2097 1457 2142 dicit
1478 2115 1488 2142 ε
1513 2119 1533 2138 c<
1555 2098 1669 2143 Con-

287 2167 508 2213 »versatio
546 2178 691 2213 nostra
724 2168 769 2212 in
807 2165 928 2211 coelis
955 2165 1040 2211 cst4
1063 2184 1073 2211 :
1097 2188 1116 2208 »
1155 2177 1204 2211 ut
1232 2184 1308 2212 nos
1337 2167 1383 2212 in
1418 2167 1669 2213 coelestibus

287 2236 533 2293 constituti,
555 2236 601 2281 id
626 2247 710 2291 est,
731 2236 777 2281 in
793 2235 1063 2298 spiritalibus
1082 2238 1317 2299 praeceptis
1342 2237 1422 2282 Dei
1441 2238 1668 2283 ambulan-

287 2316 378 2360 tes,
418 2305 674 2351 dimicemus
700 2305 901 2350 adversus
940 2305 1151 2368 spiritalia
1188 2307 1421 2370 nequitiae‚
1457 2325 1557 2370 quae
1590 2325 1668 2354 nos

283 2374 386 2420 inde
409 2387 624 2420 conantur
647 2375 911 2421 abstrahere.
950 2376 1085 2435 Magis
1113 2393 1213 2435 ergo
1237 2377 1349 2423 illud
1379 2378 1667 2440 quaerendum

284 2455 370 2501 est,
398 2444 620 2508 quomodo
645 2444 848 2490 adversus
869 2460 964 2500 eos,
988 2461 1097 2507 quos
1120 2463 1208 2491 non
1226 2446 1423 2493 videmus
1439 2484 1450 2504 ,
1471 2464 1666 2510 pugnare

331 2534 342 2556 ¹
359 2534 477 2577 Ephes,
499 2547 543 2574 v1,
571 2547 620 2566 12.
638 2553 678 2558 —-
701 2534 717 2556 ‘²
738 2535 831 2566 Multi
850 2535 977 2567 codices
991 2535 1111 2567 habent
1128 2538 1330 2580 neglegentes
1345 2545 1454 2570 autem
1470 2539 1528 2577 sui,
1549 2545 1580 2572 at
1597 2549 1664 2572 me-

282 2586 341 2619 lius
357 2592 477 2622 noster.
491 2605 535 2610 —
553 2585 568 2610 3
583 2587 698 2631 Ephes.
718 2599 754 2627 υ,
776 2600 807 2620 2.
825 2606 868 2612 —
886 2586 901 2610 4
921 2588 1037 2631 Philip.
1057 2600 1106 2631 ιιι,
1125 2600 1176 2620 2ο.
