1758 3246
288 271 380 332 390
690 287 722 316 s.
767 284 1007 316 Auousnm
1043 285 1243 321 EPlscoPl

285 360 434 395 eontra
454 349 540 393 hoc
563 349 738 396 Domini
753 354 921 410 jussum
940 386 951 406 ‚
970 360 1119 395 contra
1137 351 1382 409 doctrinam
1398 369 1656 410 suam,.con·

283 430 348 464 tra
371 429 646 482 praeceptum
669 421 933 466 Testamenti
955 420 1118 466 Veteris
1134 434 1176 468 et
1195 424 1306 470 Novi
1332 461 1342 479 ‚
1365 424 1492 484 Jubet
1515 425 1658 487 Apos-

284 488 397 538 tolus
422 498 471 534 ut
487 488 668 542 diversae
692 489 792 536 fidei
811 489 1012 548 conjugia
1035 502 1240 538 maneant
1259 493 1491 556 copulata?
1510 494 1659 549 «Quia

285 580 305 619 η
329 557 490 604 Paulus
506 595 517 614 ‚
544 558 688 622 inquis
707 596 718 615 ‚
745 559 938 619 gentium
958 558 1220 621 praedicator
1237 572 1280 607 et
1299 562 1517 625 apostolus
1539 599 1549 617 ‚
1567 566 1659 623 jam

284 650 305 670 >)
327 628 373 674 in
396 629 599 689 conjugio
619 630 801 692 positos,
827 646 915 674 non
934 628 1073 674 solum
1088 643 1258 686 monet3
1280 633 1353 679 sed
1373 634 1498 680 etiam
1512 634 1656 693 Jubet‚

284 719 306 740 >2
333 709 379 744 ut
402 698 435 744 si
459 715 569 750 unus
590 709 663 744 aut
678 715 763 744 una
777 717 797 744 a
818 698 1077 761 conjugibus
1095 701 1371 758 credidisset,
1395 703 1576 749 alterum
1594 702 1660 760 vel

284 789 306 809 »
331 767 507 813 alteram
536 785 623 813 non
655 767 928 822 credentem,
965 785 1112 814 secum
1144 780 1289 817 tamen
1318 772 1519 818 habitare
1551 790 1662 818 con-

285 858 305 880 >
332 837 610 892 sentientem,
637 855 726 884 non
750 838 1031 884 dimitteret.»
1051 839 1128 884 His
1145 841 1290 886 verbis
1311 842 1394 887 tuis
1419 841 1534 887 aliud
1555 842 1659 897 hoc,

284 906 399 952 aliud
424 924 508 952 esse
532 874 671 963 ilhid,
706 908 806 953 satis
842 908 1063 954 011(1011101·
1092 909 1296 956 ostendis.
1329 911 1445 958 Illud
1469 911 1583 970 enim
1608 910 1662 957 de

281 976 350 1021 his
376 977 587 1036 conjugiis
608 977 777 1039 agitur,
812 994 912 1041 quae
935 978 1017 1029 sibi
1048 979 1252 1040 primitus
1286 965 1578 1057 copulantur,
1611 998 1664 1033 ne

284 1046 426 1092 nubat
446 1013 656 1091 foeminae
648 1064 736 1092 non
760 1065 847 1107 suae
870 1048 1088 1107 religionis
1106 1049 1229 1104 viro,
1257 1049 1326 1095 vel
1344 1050 1412 1096 vir
1431 1050 1557 1095 talem
1585 1049 1665 1095 du-

285 1126 355 1162 cat
379 1132 567 1161 uxorem.
593 1136 611 1155 α
633 1115 685 1160 Id
704 1115 836 1167 enim,
857 1128 905 1162 ut
925 1117 1033 1162 dicis
1048 1155 1058 1173 ‚
1079 1119 1206 1177 jubet
1221 1120 1354 1175 Deus,
1382 1119 1510 1166 docet
1529 1122 1666 1183 Apos-

286 1206 308 1227 »
334 1184 447 1234 tolus
466 1221 477 1240 ,
506 1196 740 1248 utrumque
765 1185 970 1247 praecipit
994 1189 1333 1236 Testamentum.
1362 1211 1383 1231 >2
1408 1190 1503 1236 Hoc
1524 1201 1666 1236 autem

285 1254 503 1315 diversum
528 1272 613 1301 esse
632 1255 729 1317 quis
752 1255 934 1305 abnuat,
953 1255 1030 1299 ubi
1055 1255 1197 1314 agitur
1218 1272 1306 1306 non
1327 1258 1380 1301 de
1404 1263 1667 1317 conjungen-

288 1324 355 1386 dis
372 1362 382 1377 ‚
411 1324 482 1369 sed
504 1324 557 1370 de
583 1324 857 1384 conjunctis?
893 1324 1033 1369 Ambo
1053 1325 1219 1387 quippe
1241 1326 1368 1371 unius
1387 1326 1668 1389 ejusdemque

286 1393 553 1439 infidelitatis
571 1393 748 1455 fuerunt
766 1393 942 1456 quando
966 1394 1191 1452 conjuncti
1212 1406 1312 1439 sunt
1328 1431 1339 1449 ‚
1367 1395 1436 1439 sed
1466 1397 1667 1455 Evange-

286 1464 395 1524 1111111
417 1481 516 1508 cum
538 1464 722 1509 venisset
743 1500 754 1517 ‚
784 1463 889 1508 alter
913 1463 1001 1508 sine
1020 1463 1170 1524 alteru,
1192 1464 1261 1509 vel
1279 1463 1409 1523 altera
1425 1465 1514 1511 sine
1535 1465 1667 1521 altero

290 1533 489 1582 credidit.
522 1534 567 1578 Si
591 1550 691 1593 ergo
710 1533 826 1579 aliud
845 1543 908 1578 est
924 1533 1032 1587 hoe,
1063 1533 1182 1597 quod
1206 1534 1296 1579 sine
1316 1534 1522 1597 scrupulo
1541 1535 1668 1588 ullius

290 1603 577 1650 ‹lubita†ionis
596 1614 795 1666 apparet,
816 1620 894 1648 cur
912 1603 1083 1652 fidelem
1104 1620 1203 1648 cum
1225 1604 1389 1650 infideli
1403 1605 1447 1650 in
1466 1604 1667 1666 conjugio

287 1690 539 1737 permanere
563 1710 574 1728 ‚
597 1690 684 1718 non
713 1684 755 1718 et
780 1673 992 1718 Dominus
1012 1674 1124 1718 sicut
1154 1673 1384 1736 Apostolus
1395 1674 1553 1734 jubet?
1577 1675 1667 1732 Nisi

287 1743 395 1789 forte
417 1744 498 1789 isto
516 1743 612 1789 loco
631 1754 760 1788 vacat
778 1779 789 1798 ‚
828 1743 947 1806 quod
984 1754 1072 1788 tam
1102 1743 1286 1803 fidenter
1318 1744 1409 1806 ipse
1446 1744 1504 1790 ait
1532 1762 1542 1790 :
1569 1747 1667 1790 «An

285 1834 306 1855 »
330 1814 462 1859 vultis
488 1813 832 1876 experimentum
868 1814 1064 1875 accipere
1089 1817 1125 1872 ej
1136 1830 1184 1858 115
1210 1814 1287 1875 qui
1311 1814 1357 1859 in
1380 1830 1447 1858 me
1471 1814 1667 1876 loquitur

288 1904 310 1924 ›>
338 1883 538 1928 Christus
552 1882 596 1928 1?
615 1905 635 1924 »
658 1883 713 1927 Et
728 1883 879 1945 utique
897 1882 1107 1943 Dominus
1121 1883 1407 1931 estChristus.
1432 1884 1667 1943 Intelligis-

287 1970 342 1998 ne
365 1952 473 2015 quid
496 1952 672 1998 dicam'.³
696 1954 764 2010 An
782 1953 828 1996 in
847 1953 933 1998 hoc
951 1951 1221 2015 explanando
1246 1951 1468 2015 aliquanto
1486 1952 1666 2012 diligen-

289 2022 374 2067 tius
393 2039 450 2067 1m
458 2022 674 2066 morabor

354 2091 514 2137 xxvi.
553 2090 739 2136 Attende
767 2100 814 2136 ut
842 2107 931 2136 iem
951 2091 1090 2153 ipsam
1121 2100 1327 2154 tanquam
1360 2091 1405 2136 in
1429 2101 1665 2154 conspectu

291 2161 651 2208 considerandam
673 2162 866 2224 planiore
886 2178 1078 2206 sermone
1091 2177 1320 2223 ponamus.
1336 2161 1448 2207 Ecce
1464 2164 1666 2221 conjuges

292 2231 381 2277 duo
403 2267 414 2287 ‚
442 2230 570 2284 unius
591 2230 859 2277 infidelitatis
900 2247 910 2274 :
946 2231 1004 2280 ita
1027 2229 1206 2285 fuerunt
1229 2230 1406 2293 quando
1439 2231 1665 2290 conjuncti

290 2312 390 2347 sunt
412 2319 424 2350 ;
451 2301 571 2357 nulla
594 2300 648 2363 de
671 2301 742 2346 his
765 2301 949 2363 quaestio
975 2311 1065 2355 est,
1093 2317 1192 2363 quae
1216 2301 1432 2363 pertineat
1468 2300 1524 2345 ad
1546 2300 1665 2358 iilam

288 2370 495 2434 Domini
480 2371 714 2429 jussionem
743 2369 1076 2432 doctrinamque
1101 2369 1378 2432 apostolicam
1401 2379 1443 2414 et
1461 2385 1664 2432 praecep-

289 2431 385 2503 111111
403 2440 666 2504 Testamenti
686 2440 847 2488 Veteris
874 2450 915 2485 et
943 2440 1086 2494 Novi
1119 2456 1205 2503 quo
1235 2438 1499 2503 prohibetur
1525 2437 1665 2501 fidelis

289 2526 394 2559 cum
410 2508 577 2573 infideli
601 2508 808 2573 copulare
828 2509 1098 2571 conjugium.
1122 2509 1221 2572 -Jarn
1238 2517 1339 2563 sunt
1354 2508 1596 2571 conjuges,
1619 2518 1665 2569 01

344 2593 352 2614 ¹
376 2604 392 2623 2
412 2593 486 2625 Cor.
508 2603 584 2627 xxxi
605 2596 634 2623 3.
