1758 3246
309 346 401 393 530
713 357 747 385 s.
790 355 1026 386 Aucusrmi
1063 353 1263 383 Episcopi

307 425 518 470 ducarent
542 421 598 467 ab
620 421 678 467 eis
700 420 863 484 quibus
886 418 1114 480 gratuitam
1147 418 1325 477 gratiam
1352 417 1665 481 praedicabant.

304 492 581 557 Stipendium
604 491 717 536 enim
739 506 864 535 suum
886 501 1090 551 tanquam
1118 488 1273 533 milites
1301 488 1574 550 accipiebant
1589 523 1601 542 ,
1629 497 1672 532 et

305 564 358 610 de
374 564 510 609 vineae
527 579 605 626 per
622 579 691 607 eos
716 561 923 624 plantatae
940 559 1104 614 fructu,
1134 558 1252 620 quod
1280 575 1388 622 opus
1412 568 1518 613 erat,
1539 557 1673 602 libere

303 633 611 697 decerpebant,
645 642 686 677 et
716 630 769 676 de
799 630 936 690 gregis
966 646 1095 693 quem
1127 629 1365 691 pascebant
1396 627 1506 674 lacte
1541 638 1673 690 pota-

304 704 429 760 bant,
452 713 494 749 et
511 720 557 748 ex
580 719 674 747 area
695 717 827 765 quam
846 700 1109 745 triturabant
1123 698 1271 744 cibum
1290 699 1529 745 sumebant.

367 776 445 822 lx.
488 773 690 837 Apertius
717 782 859 817 autem
886 781 1041 815 caetera
1061 769 1295 825 connectit,
1324 780 1365 814 et
1390 770 1566 814 omnino
1592 785 1674 814 au—

299 844 384 891 fert
410 860 556 890 omnes
580 841 868 887 dubitationis
898 840 1111 899 ambages.
1136 862 1153 880 a
1177 840 1221 885 Si
1246 856 1324 885 nos
1346 840 1487 893 vobis,
1510 839 1670 902 inquit,

303 937 323 957 »
347 913 554 979 spiritalia
578 913 899 967 seminavimus,
927 922 1131 970 magnum
1162 921 1225 956 est
1257 910 1291 955 si
1319 921 1456 956 vestra
1486 910 1675 955 carnalia

299 1008 320 1027 »
343 982 609 1031 metamus1?
628 1004 648 1024 >2
669 983 782 1038 Quae
805 991 904 1027 sunt
928 980 1158 1044 spiritalia,
1188 997 1286 1043 quae
1310 981 1552 1035 seminavit,
1596 980 1675 1025 nisi

296 1056 480 1103 verbum
503 1064 544 1099 et
571 1052 822 1115 mysterium
852 1052 1105 1097 sacramenti
1138 1052 1258 1111 regni
1288 1050 1524 1096 coelorum?
1565 1051 1677 1106 Quae

303 1137 447 1173 autem
481 1123 675 1170 carnalia
692 1160 702 1179 ,
729 1139 829 1185 quae
855 1122 938 1167 sibi
968 1121 1096 1167 licere
1121 1132 1276 1167 metere
1307 1121 1441 1178 dicit,
1467 1122 1549 1166 nisi
1579 1121 1676 1166 haec

301 1194 578 1260 temporalia,
615 1210 714 1256 quae
749 1194 851 1238 vitae
888 1203 1014 1256 atque
1048 1192 1298 1252 indigentiae
1333 1193 1470 1237 carnis
1511 1191 1677 1238 indulta

303 1270 430 1314 sunt?
455 1267 562 1311 Haec
587 1275 731 1309 autem
758 1263 840 1308 sibi
864 1262 1011 1308 debita
1035 1280 1076 1307 se
1102 1263 1157 1307 ab
1187 1262 1244 1308 eis
1266 1279 1353 1307 non
1376 1263 1576 1325 quaesisse
1599 1279 1677 1307 nec

304 1336 516 1400 accepisse
534 1333 797 1388 manifestat,
818 1349 869 1378 ne
886 1332 1003 1396 quod
1020 1332 1378 1394 impedimentum
1398 1332 1518 1376 daret
1537 1333 1678 1377 Evan-

303 1409 410 1468 gelio
431 1406 610 1453 Christi.
638 1403 758 1461 Quid
782 1413 933 1459 restat,
956 1414 1003 1448 ut
1022 1403 1309 1463 intelligamus
1328 1420 1423 1447 eum
1449 1413 1678 1465 operatum

303 1495 389 1524 esse
412 1476 530 1522 unde
547 1475 716 1521 victum
735 1473 934 1530 haberet,
959 1473 1041 1518 nisi
1065 1473 1290 1536 corporale
1309 1489 1418 1535 opus
1436 1471 1678 1536 corporali-

300 1550 383 1595 bus
402 1559 445 1593 ct
465 1545 709 1592 visibilibus
730 1543 932 1588 manibus
952 1543 1063 1588 suis?
1085 1544 1194 1588 Nam
1218 1543 1251 1589 si
1272 1543 1325 1588 de
1346 1544 1528 1607 spiritali
1551 1561 1678 1606 opere

301 1621 467 1667 xictum
498 1627 539 1663 et
572 1624 868 1675 tegumentum
892 1625 1121 1677 quaereret,
1158 1614 1204 1659 id
1235 1625 1313 1671 est,
1342 1626 1389 1660 ut
1413 1615 1469 1660 ab
1498 1616 1555 1660 eis
1580 1615 1676 1659 haec

303 1690 536 1752 acciperet,
564 1702 672 1749 quos
689 1685 733 1730 in
755 1684 989 1744 Evangelio
1015 1684 1283 1740 aedificabat,
1307 1702 1395 1730 non
1417 1701 1680 1748 consequen·

302 1774 365 1807 ter
395 1760 557 1805 diceret
585 1775 595 1801 :
621 1778 641 1798 <‹
671 1756 716 1801 Si
741 1755 811 1801 alii
844 1755 1066 1819 potestatis
1095 1765 1247 1801 vestrae
1271 1755 1556 1819 participant,
1592 1772 1680 1800 non

302 1855 322 1875 »
345 1831 478 1890 magis
498 1831 601 1874 nos?
623 1826 707 1873 Sed
724 1843 811 1872 non
829 1842 976 1871 sumus
998 1826 1062 1871 usi
1082 1826 1166 1872 hac
1186 1836 1420 1889 potestate3
1442 1826 1513 1871 sed
1536 1826 1681 1872 onmia

305 1926 324 1946 ›)
352 1902 595 1956 toleramus,
627 1915 680 1943 ne
715 1897 836 1961 quod
868 1897 1229 1960 impedimentum
1261 1897 1411 1942 demus
1449 1897 1680 1956 Evangelio

309 1997 329 2016 »
355 1971 564 2018 Christi2.
592 1992 610 2011 »
633 1970 730 2025 Qua
750 1978 960 2031 potestate
982 1985 1023 2013 se
1043 1967 1151 2013 dicit
1175 1985 1262 2013 non
1282 1984 1425 2022 usum,
1448 1967 1530 2014 uisi
1549 1984 1679 2031 quam

307 2043 502 2089 habebat
530 2042 575 2086 in
608 2057 676 2085 eos
703 2057 725 2084 a
751 2039 937 2084 Domino
967 2049 1209 2101 acceptam,
1247 2048 1294 2083 ut
1317 2055 1463 2083 corum
1494 2038 1682 2083 carnalia

307 2123 501 2167 meteret,
519 2110 573 2157 ad
591 2110 755 2156 victum
773 2110 874 2155 vitre
894 2109 1042 2168 hujus,
1058 2126 1158 2173 quae
1175 2111 1219 2154 in
1233 2126 1360 2154 carne
1376 2109 1541 2168 agitur?
1558 2112 1682 2168 cujus

311 2182 533 2250 potestatis
556 2181 791 2245 participes
814 2191 934 2225 erant
956 2181 1085 2226 etiam
1113 2179 1208 2236 alii,
1236 2180 1310 2243 qui
1344 2197 1431 2226 non
1455 2179 1512 2224 eis
1537 2183 1682 2244 primo

311 2252 594 2314 Evangelium
630 2250 993 2296 annuntiaverunt
1008 2288 1018 2307 ,
1059 2250 1132 2296 sed
1169 2250 1224 2296 ad
1260 2267 1408 2296 eorum
1447 2252 1682 2299 Ecclesiam

314 2326 507 2388 idipsum
523 2320 811 2385 praedicantes
826 2331 975 2383 postea
993 2331 1214 2368 venerunt.
1242 2321 1344 2367 Ideo
1364 2338 1464 2367 cum
1482 2322 1678 2370 dixisset:

318 2419 337 2438 «
359 2396 403 2441 Si
420 2411 498 2440 nos
509 2392 634 2440 vobis
651 2391 860 2454 spiritalia
877 2392 1197 2448 seminavimus,
1220 2409 1422 2451 magnum
1449 2403 1511 2438 est
1533 2394 1566 2438 si
1591 2411 1684 2441 car-

317 2490 338 2510 »
360 2465 475 2513 nalia
488 2472 628 2509 vestra
642 2465 880 2507 metamus>
900 2484 916 2504 υ
935 2462 1119 2521 subjecit
1137 2479 1147 2507 :
1166 2463 1245 2508 «Si
1267 2462 1337 2507 alii
1354 2464 1577 2525 potcstatis
1593 2482 1684 2511 ves-

316 2562 338 2583 »
360 2549 440 2584 trae
463 2533 745 2600 participant,
767 2549 855 2577 non
878 2533 1014 2593 magis
1029 2536 1133 2579 nos'?
1154 2554 1174 2574 ›>
1194 2534 1250 2578 Et
1273 2549 1373 2578 cum
1401 2533 1684 2582 demonstras-

313 2620 376 2656 set
394 2605 502 2672 quid
525 2605 584 2650 eis
607 2604 829 2667 potestatis
847 2614 952 2649 esset
969 2620 980 2649 ε
995 2625 1015 2646 <‹
1031 2603 1116 2650 Sed
1135 2620 1224 2650 non
1241 2619 1386 2649 sumus
1412 2604 1494 2659 usi,
1521 2605 1680 2670 inquit,

367 2693 414 2722 lt
434 2692 512 2723 Cor.
534 2698 707 2730 1x‚11.—
724 2685 740 2709 ²
757 2685 841 2721 ibid.
867 2698 919 2722 ω.
